<record><header><identifier>oai:alma.41SLSP_UGE:991000044849705502</identifier><datestamp>2023-03-17T01:50:45Z</datestamp><setSpec>uge_bcen_RapidILL_BOOK</setSpec><setSpec>uge_aaca_RapidILL_BOOK</setSpec><setSpec>uge_abels_RapidILL_BOOK</setSpec><setSpec>uge_dbu_RapidILL_BOOK</setSpec><setSpec>uge_cmu_RapidILL_BOOK</setSpec><setSpec>uge_mail_RapidILL_BOOK</setSpec><setSpec>uge_abbat_RapidILL_BOOK</setSpec><setSpec>UNIGE_ALL</setSpec><setSpec>uge_aobs_RapidILL_BOOK</setSpec><setSpec>uge_acar_RapidILL_BOOK</setSpec></header><metadata>
<record xmlns="http://www.loc.gov/MARC21/slim" xmlns:xsi="http://www.w3.org/2001/XMLSchema-instance" xsi:schemaLocation="http://www.loc.gov/MARC21/slim http://www.loc.gov/standards/marcxml/schema/MARC21slim.xsd"><leader>01582nam a2200409 ca4500</leader><controlfield tag="001">991000044849705502</controlfield><controlfield tag="005">20230316200042.0</controlfield><controlfield tag="008">201012m19942001sz ||||| |||| 00| ||ger d</controlfield><datafield ind1=" " ind2=" " tag="020"><subfield code="a">3905265001</subfield><subfield code="c">Fr. 188.-</subfield></datafield><datafield ind1=" " ind2=" " tag="035"><subfield code="a">(swissbib)237657430-41slsp_network</subfield></datafield><datafield ind1=" " ind2=" " tag="035"><subfield code="a">237657430</subfield><subfield code="9">ExL</subfield></datafield><datafield ind1=" " ind2=" " tag="035"><subfield code="a">(RERO)1987670-41slsp</subfield></datafield><datafield ind1=" " ind2=" " tag="035"><subfield code="a">(IDSBB)001131248DSV01</subfield></datafield><datafield ind1=" " ind2=" " tag="035"><subfield code="a">(EXLNZ-41SLSP_NETWORK)991066050849705501</subfield></datafield><datafield ind1=" " ind2=" " tag="040"><subfield code="a">RERO geubfd</subfield><subfield code="d">CH-ZuSLS</subfield></datafield><datafield ind1=" " ind2="7" tag="072"><subfield code="a">dr</subfield><subfield code="2">rero</subfield></datafield><datafield ind1=" " ind2="7" tag="072"><subfield code="a">rw</subfield><subfield code="2">SzZuIDS BS/BE</subfield></datafield><datafield ind1="1" ind2="4" tag="082"><subfield code="a">340</subfield><subfield code="2">15</subfield></datafield><datafield ind1=" " ind2=" " tag="084"><subfield code="a">CA/CH 54.5 g</subfield><subfield code="2">cjurrom</subfield></datafield><datafield ind1=" " ind2=" " tag="084"><subfield code="a">CA/CE 54.5 g</subfield><subfield code="2">cjurrom</subfield></datafield><datafield ind1="0" ind2="0" tag="245"><subfield code="a">Mehrwertsteuer</subfield><subfield code="b">Praktikerhandbuch für Mehrwertsteuerfragen in der Schweiz und in Europa (EU)</subfield><subfield code="c">[Hrsg. Max P. Oesch] ; [Autoren Jürg Brand... et al]</subfield></datafield><datafield ind1=" " ind2="1" tag="264"><subfield code="a">Cham</subfield><subfield code="b">CB Media</subfield><subfield code="c">1994-2001</subfield></datafield><datafield ind1=" " ind2=" " tag="300"><subfield code="a">2 Ordner</subfield><subfield code="c">23 cm</subfield></datafield><datafield ind1=" " ind2=" " tag="336"><subfield code="b">txt</subfield><subfield code="2">rdacontent</subfield></datafield><datafield ind1=" " ind2=" " tag="337"><subfield code="b">n</subfield><subfield code="2">rdamedia</subfield></datafield><datafield ind1=" " ind2=" " tag="338"><subfield code="b">nc</subfield><subfield code="2">rdacarrier</subfield></datafield><datafield ind1=" " ind2=" " tag="500"><subfield code="a">Loseblattausg., wird regelmässig nachgeführt</subfield></datafield><datafield ind1="2" ind2="7" tag="610"><subfield code="a">Union européenne</subfield><subfield code="0">(IDREF)032486324</subfield><subfield code="2">idref</subfield></datafield><datafield ind1=" " ind2="7" tag="650"><subfield code="a">Taxe sur la valeur ajoutée</subfield><subfield code="0">(IDREF)027292819</subfield><subfield code="2">idref</subfield></datafield><datafield ind1=" " ind2="7" tag="650"><subfield code="a">Mehrwertsteuer</subfield><subfield code="z">Schweiz</subfield><subfield code="v">0 Gesamtdarstellung</subfield><subfield code="2">idsbb</subfield></datafield><datafield ind1=" " ind2="7" tag="650"><subfield code="a">Mehrwertsteuer</subfield><subfield code="x">Europäische Union</subfield><subfield code="v">Quelle</subfield><subfield code="2">idsbb</subfield></datafield><datafield ind1=" " ind2="7" tag="650"><subfield code="a">Mehrwertsteuer</subfield><subfield code="x">Europäische Union</subfield><subfield code="v">0 Gesamtdarstellung</subfield><subfield code="2">idsbb</subfield></datafield><datafield ind1=" " ind2="7" tag="650"><subfield code="a">Mehrwertsteuer</subfield><subfield code="z">Schweiz</subfield><subfield code="v">Quelle</subfield><subfield code="2">idsbb</subfield></datafield><datafield ind1=" " ind2="7" tag="651"><subfield code="a">Suisse</subfield><subfield code="0">(IDREF)027249654</subfield><subfield code="2">idref</subfield></datafield><datafield ind1=" " ind2="7" tag="655"><subfield code="a">Manuels d'enseignement</subfield><subfield code="0">(IDREF)027446514</subfield><subfield code="2">idref</subfield></datafield><datafield ind1="1" ind2=" " tag="700"><subfield code="a">Brand, Jürg</subfield><subfield code="0">(RERO)A003037510</subfield></datafield><datafield ind1="1" ind2=" " tag="700"><subfield code="a">Oesch, Max P</subfield><subfield code="0">(RERO)A003652452</subfield></datafield><datafield ind1=" " ind2=" " tag="900"><subfield code="a">REROnoselfmerge</subfield></datafield></record>
</metadata></record>