<record><header><identifier>oai:alma.41SLSP_UGE:991000044329705502</identifier><datestamp>2023-03-04T01:10:53Z</datestamp><setSpec>uge_bcen_RapidILL_BOOK</setSpec><setSpec>uge_aaca_RapidILL_BOOK</setSpec><setSpec>uge_abels_RapidILL_BOOK</setSpec><setSpec>uge_dbu_RapidILL_BOOK</setSpec><setSpec>uge_cmu_RapidILL_BOOK</setSpec><setSpec>uge_mail_RapidILL_BOOK</setSpec><setSpec>uge_abbat_RapidILL_BOOK</setSpec><setSpec>UNIGE_ALL</setSpec><setSpec>uge_aobs_RapidILL_BOOK</setSpec><setSpec>uge_acar_RapidILL_BOOK</setSpec></header><metadata>
<record xmlns="http://www.loc.gov/MARC21/slim" xmlns:xsi="http://www.w3.org/2001/XMLSchema-instance" xsi:schemaLocation="http://www.loc.gov/MARC21/slim http://www.loc.gov/standards/marcxml/schema/MARC21slim.xsd"><leader>01235nam a2200265 c 4500</leader><controlfield tag="001">991000044329705502</controlfield><controlfield tag="005">20230303211914.0</controlfield><controlfield tag="008">920331s1975    sz ||||| |||| 10| ||ger d</controlfield><datafield ind1=" " ind2=" " tag="035"><subfield code="a">(swissbib)086437496-41slsp_network</subfield></datafield><datafield ind1=" " ind2=" " tag="035"><subfield code="a">086437496</subfield><subfield code="9">ExL</subfield></datafield><datafield ind1=" " ind2=" " tag="035"><subfield code="a">(RERO)1509511-41slsp</subfield></datafield><datafield ind1=" " ind2=" " tag="035"><subfield code="a">(EXLNZ-41SLSP_NETWORK)991125802299705501</subfield></datafield><datafield ind1=" " ind2=" " tag="040"><subfield code="a">RERO geuarc</subfield><subfield code="d">CH-ZuSLS</subfield></datafield><datafield ind1=" " ind2="7" tag="072"><subfield code="a">in</subfield><subfield code="2">rero</subfield></datafield><datafield ind1="0" ind2="0" tag="245"><subfield code="a">Sonnenenergie auf dem Weg zur praktischen Nutzung</subfield><subfield code="b">Referate der von Schweizerischen Vereinigung fuer Sonnenenergie am 2. Dez. 74 im Gottlieb Duttweiler Institut durchgefuehrten Tagung</subfield></datafield><datafield ind1=" " ind2="1" tag="264"><subfield code="a">[Lieu de publication non identifié]</subfield><subfield code="b">Schweizerische Vereinigung für Sonnenenergie</subfield><subfield code="c">[1974]</subfield></datafield><datafield ind1=" " ind2="4" tag="264"><subfield code="c">© 1974</subfield></datafield><datafield ind1=" " ind2=" " tag="300"><subfield code="a">147 p.</subfield><subfield code="b">fig., graphiques, photogr.</subfield><subfield code="c">30 cm</subfield></datafield><datafield ind1=" " ind2=" " tag="336"><subfield code="b">txt</subfield><subfield code="2">rdacontent</subfield></datafield><datafield ind1=" " ind2=" " tag="337"><subfield code="b">n</subfield><subfield code="2">rdamedia</subfield></datafield><datafield ind1=" " ind2=" " tag="338"><subfield code="b">nc</subfield><subfield code="2">rdacarrier</subfield></datafield><datafield ind1=" " ind2="7" tag="650"><subfield code="a">Énergie solaire</subfield><subfield code="0">(IDREF)027233235</subfield><subfield code="2">idref</subfield></datafield><datafield ind1=" " ind2="7" tag="655"><subfield code="a">Actes de congrès</subfield><subfield code="0">(IDREF)02886431X</subfield><subfield code="2">idref</subfield></datafield><datafield ind1="2" ind2=" " tag="710"><subfield code="a">Société suisse pour l'énergie solaire</subfield><subfield code="b">Tagung</subfield><subfield code="d">1974</subfield><subfield code="c">Rüschlikon</subfield><subfield code="0">(RERO)A012409461</subfield></datafield><datafield ind1="2" ind2=" " tag="710"><subfield code="a">Gottlieb-Duttweiler-Institut für Wirtschaftliche und Soziale Studien (Rüschlikon)</subfield><subfield code="b">Tagung</subfield><subfield code="d">1974</subfield><subfield code="c">Rüschlikon</subfield><subfield code="0">(RERO)A012409462</subfield></datafield><datafield ind1=" " ind2=" " tag="900"><subfield code="a">REROnoselfmerge</subfield></datafield></record>
</metadata></record>