<record><header><identifier>oai:alma.41SLSP_UGE:991000044449705502</identifier><datestamp>2023-04-08T00:20:37Z</datestamp><setSpec>uge_bcen_RapidILL_BOOK</setSpec><setSpec>uge_aaca_RapidILL_BOOK</setSpec><setSpec>uge_abels_RapidILL_BOOK</setSpec><setSpec>uge_dbu_RapidILL_BOOK</setSpec><setSpec>uge_cmu_RapidILL_BOOK</setSpec><setSpec>uge_mail_RapidILL_BOOK</setSpec><setSpec>uge_abbat_RapidILL_BOOK</setSpec><setSpec>UNIGE_ALL</setSpec><setSpec>uge_aobs_RapidILL_BOOK</setSpec><setSpec>uge_acar_RapidILL_BOOK</setSpec></header><metadata>
<record xmlns="http://www.loc.gov/MARC21/slim" xmlns:xsi="http://www.w3.org/2001/XMLSchema-instance" xsi:schemaLocation="http://www.loc.gov/MARC21/slim http://www.loc.gov/standards/marcxml/schema/MARC21slim.xsd"><leader>02154nam a2200565 c 4500</leader><controlfield tag="001">991000044449705502</controlfield><controlfield tag="005">20230407123343.0</controlfield><controlfield tag="008">201012s2009    it ||||| |||| 00| ||ita d</controlfield><datafield ind1=" " ind2=" " tag="010"><subfield code="a">2010412042</subfield></datafield><datafield ind1=" " ind2=" " tag="020"><subfield code="a">9788887744231</subfield></datafield><datafield ind1=" " ind2=" " tag="020"><subfield code="a">8887744238</subfield></datafield><datafield ind1=" " ind2=" " tag="035"><subfield code="a">(swissbib)236931369-41slsp_network</subfield></datafield><datafield ind1=" " ind2=" " tag="035"><subfield code="a">236931369</subfield><subfield code="9">ExL</subfield></datafield><datafield ind1=" " ind2=" " tag="035"><subfield code="a">(RERO)R008371485-41slsp</subfield></datafield><datafield ind1=" " ind2=" " tag="035"><subfield code="a">(IDSBB)005387010DSV01</subfield></datafield><datafield ind1=" " ind2=" " tag="035"><subfield code="a">(OCoLC)526076684</subfield></datafield><datafield ind1=" " ind2=" " tag="035"><subfield code="a">(EXLNZ-41SLSP_NETWORK)991026260789705501</subfield></datafield><datafield ind1=" " ind2=" " tag="040"><subfield code="a">FRBNF</subfield><subfield code="d">CH-ZuSLS</subfield></datafield><datafield ind1=" " ind2=" " tag="050"><subfield code="a">TP804</subfield><subfield code="b">.L36 2009</subfield></datafield><datafield ind1=" " ind2="7" tag="072"><subfield code="a">ar</subfield><subfield code="2">rero</subfield></datafield><datafield ind1=" " ind2="7" tag="072"><subfield code="a">ao</subfield><subfield code="2">SzZuIDS BS/BE</subfield></datafield><datafield ind1="1" ind2="4" tag="082"><subfield code="a">738</subfield><subfield code="2">21</subfield></datafield><datafield ind1="1" ind2="4" tag="082"><subfield code="a">930</subfield><subfield code="2">15</subfield></datafield><datafield ind1=" " ind2=" " tag="084"><subfield code="a">NG 2600</subfield><subfield code="2">rvk</subfield></datafield><datafield ind1="1" ind2=" " tag="100"><subfield code="6">880-01</subfield><subfield code="a">Laneri, Nicola</subfield><subfield code="d">19..-....</subfield><subfield code="0">(IDREF)12384780X</subfield><subfield code="4">cre</subfield></datafield><datafield ind1="1" ind2=" " tag="880"><subfield code="a">Laneri, Nicola</subfield><subfield code="0">(DE-588)1125553626</subfield><subfield code="6">100-01</subfield></datafield><datafield ind1="1" ind2="0" tag="245"><subfield code="a">Biografia di un vaso</subfield><subfield code="b">tecniche di produzione del vasellame ceramico nel Vicino Oriente antico tra il V e il II millennio a.C.</subfield><subfield code="c">Nicola Laneri</subfield></datafield><datafield ind1=" " ind2="1" tag="264"><subfield code="a">Paestum (Salerno)</subfield><subfield code="b">Pandemos</subfield><subfield code="b">Fondazione Paestum</subfield><subfield code="c">2009</subfield></datafield><datafield ind1=" " ind2=" " tag="300"><subfield code="a">1 vol. (174 p.)</subfield><subfield code="b">ill.</subfield><subfield code="c">27 cm</subfield></datafield><datafield ind1=" " ind2=" " tag="336"><subfield code="b">txt</subfield><subfield code="2">rdacontent</subfield></datafield><datafield ind1=" " ind2=" " tag="337"><subfield code="b">n</subfield><subfield code="2">rdamedia</subfield></datafield><datafield ind1=" " ind2=" " tag="338"><subfield code="b">nc</subfield><subfield code="2">rdacarrier</subfield></datafield><datafield ind1="1" ind2=" " tag="490"><subfield code="a">Tekmeria</subfield><subfield code="v">10</subfield></datafield><datafield ind1=" " ind2=" " tag="500"><subfield code="a">Notes bibliogr</subfield></datafield><datafield ind1=" " ind2=" " tag="504"><subfield code="a">Includes bibliographical references (p. 149-165)</subfield></datafield><datafield ind1=" " ind2="7" tag="648"><subfield code="a">Geschichte 5000 v. Chr.-1000 v. Chr</subfield><subfield code="2">gnd</subfield></datafield><datafield ind1=" " ind2="7" tag="650"><subfield code="a">Céramique antique</subfield><subfield code="0">(IDREF)027347796</subfield><subfield code="2">idref</subfield></datafield><datafield ind1=" " ind2="7" tag="650"><subfield code="a">Production</subfield><subfield code="0">(IDREF)027792293</subfield><subfield code="2">idref</subfield></datafield><datafield ind1=" " ind2="7" tag="650"><subfield code="a">5e millénaire av. J.-C.-2e millénaire av. J.-C.</subfield><subfield code="0">(RERO)A026155344</subfield><subfield code="2">rero</subfield></datafield><datafield ind1=" " ind2="0" tag="650"><subfield code="a">Pottery, Ancient</subfield><subfield code="z">Middle East</subfield></datafield><datafield ind1=" " ind2="0" tag="650"><subfield code="a">Pottery, Ancient</subfield><subfield code="z">Middle East</subfield><subfield code="x">Technique</subfield></datafield><datafield ind1=" " ind2="0" tag="650"><subfield code="a">Pottery industry</subfield><subfield code="z">Middle East</subfield><subfield code="x">History</subfield><subfield code="y">To 1500</subfield></datafield><datafield ind1=" " ind2="0" tag="650"><subfield code="a">Social archaeology</subfield><subfield code="z">Middle East</subfield></datafield><datafield ind1=" " ind2="7" tag="650"><subfield code="a">Keramik</subfield><subfield code="0">(DE-588)4030270-2</subfield><subfield code="2">gnd</subfield></datafield><datafield ind1=" " ind2="7" tag="651"><subfield code="a">Moyen-Orient</subfield><subfield code="0">(IDREF)027356108</subfield><subfield code="2">idref</subfield></datafield><datafield ind1=" " ind2="7" tag="651"><subfield code="a">Alter Orient</subfield><subfield code="0">(DE-588)4001451-4</subfield><subfield code="2">gnd</subfield></datafield><datafield ind1="4" ind2=" " tag="856"><subfield code="3">Inhaltsverzeichnis</subfield><subfield code="u">http://www.ub.unibas.ch/tox/IDSBB/005387010/PDF</subfield><subfield code="q">pdf</subfield></datafield><datafield ind1=" " ind2="0" tag="830"><subfield code="a">Tekmeria</subfield><subfield code="v">10</subfield><subfield code="w">(RERO)R003398073-41slsp</subfield></datafield><datafield ind1=" " ind2=" " tag="900"><subfield code="a">REROnoselfmerge</subfield></datafield><datafield ind1=" " ind2=" " tag="910"><subfield code="a">BNF</subfield><subfield code="b">20160222</subfield><subfield code="c">Droits réservés</subfield></datafield><datafield ind1=" " ind2=" " tag="949"><subfield code="a">http://www.ub.unibas.ch/tox/IDSBB/005387010/PDF</subfield></datafield></record>
</metadata></record>