<record><header><identifier>oai:alma.41SLSP_UGE:991000044349705502</identifier><datestamp>2023-07-03T00:42:08Z</datestamp><setSpec>uge_bcen_RapidILL_BOOK</setSpec><setSpec>uge_aaca_RapidILL_BOOK</setSpec><setSpec>uge_abels_RapidILL_BOOK</setSpec><setSpec>uge_dbu_RapidILL_BOOK</setSpec><setSpec>uge_cmu_RapidILL_BOOK</setSpec><setSpec>uge_mail_RapidILL_BOOK</setSpec><setSpec>uge_abbat_RapidILL_BOOK</setSpec><setSpec>UNIGE_ALL</setSpec><setSpec>uge_aobs_RapidILL_BOOK</setSpec><setSpec>uge_acar_RapidILL_BOOK</setSpec></header><metadata>
<record xmlns="http://www.loc.gov/MARC21/slim" xmlns:xsi="http://www.w3.org/2001/XMLSchema-instance" xsi:schemaLocation="http://www.loc.gov/MARC21/slim http://www.loc.gov/standards/marcxml/schema/MARC21slim.xsd"><leader>04366nam a22007577c 4500</leader><controlfield tag="001">991000044349705502</controlfield><controlfield tag="005">20230702081300.0</controlfield><controlfield tag="008">201011s2001    gw ||||| |||| 10| ||spa d</controlfield><datafield ind1=" " ind2=" " tag="015"><subfield code="a">GFR-CIP-01,N19</subfield><subfield code="a">DNB-01,N19,0549</subfield></datafield><datafield ind1="7" ind2=" " tag="016"><subfield code="a">961302828</subfield><subfield code="2">GyFmDB</subfield></datafield><datafield ind1=" " ind2=" " tag="020"><subfield code="a">3631378580</subfield><subfield code="c">brosch. : ca. DM 59.00</subfield></datafield><datafield ind1=" " ind2=" " tag="035"><subfield code="a">(swissbib)213453355-41slsp_network</subfield></datafield><datafield ind1=" " ind2=" " tag="035"><subfield code="a">213453355</subfield><subfield code="9">ExL</subfield></datafield><datafield ind1=" " ind2=" " tag="035"><subfield code="a">(RERO)R003216167-41slsp</subfield></datafield><datafield ind1=" " ind2=" " tag="035"><subfield code="a">(IDSBB)002298727DSV01</subfield></datafield><datafield ind1=" " ind2=" " tag="035"><subfield code="a">(NEBIS)004140020EBI01</subfield></datafield><datafield ind1=" " ind2=" " tag="035"><subfield code="a">(IDSSG)000252269HSB01</subfield></datafield><datafield ind1=" " ind2=" " tag="035"><subfield code="a">(EXLNZ-41SLSP_NETWORK)991016921209705501</subfield></datafield><datafield ind1=" " ind2=" " tag="040"><subfield code="a">RERO frbcuc</subfield><subfield code="d">CH-ZuSLS</subfield></datafield><datafield ind1="0" ind2=" " tag="041"><subfield code="a">spa</subfield><subfield code="a">ita</subfield></datafield><datafield ind1=" " ind2="7" tag="072"><subfield code="a">es</subfield><subfield code="2">rero</subfield></datafield><datafield ind1=" " ind2="7" tag="072"><subfield code="a">es</subfield><subfield code="2">SzZuIDS BS/BE</subfield></datafield><datafield ind1="1" ind2=" " tag="080"><subfield code="a">860-1(091)(082)</subfield></datafield><datafield ind1="1" ind2="4" tag="082"><subfield code="a">861.3</subfield><subfield code="2">21</subfield></datafield><datafield ind1=" " ind2=" " tag="084"><subfield code="a">IN 2854</subfield><subfield code="2">rvk</subfield></datafield><datafield ind1=" " ind2=" " tag="084"><subfield code="a">IO 2062</subfield><subfield code="2">rvk</subfield></datafield><datafield ind1=" " ind2=" " tag="084"><subfield code="a">IO 2134</subfield><subfield code="2">rvk</subfield></datafield><datafield ind1=" " ind2=" " tag="084"><subfield code="a">IP 3120</subfield><subfield code="2">rvk</subfield></datafield><datafield ind1=" " ind2=" " tag="084"><subfield code="a">UH 5000</subfield><subfield code="2">rvk</subfield></datafield><datafield ind1="0" ind2="0" tag="245"><subfield code="a">...Fuente sellada..</subfield><subfield code="b">aproximaciones al discurso manierista en la lírica española</subfield><subfield code="c">Hans Felten...(eds.)</subfield></datafield><datafield ind1=" " ind2="1" tag="264"><subfield code="a">Frankfurt am Main</subfield><subfield code="b">P. Lang</subfield><subfield code="c">[2001]</subfield></datafield><datafield ind1=" " ind2="4" tag="264"><subfield code="c">© 2001</subfield></datafield><datafield ind1=" " ind2=" " tag="300"><subfield code="a">138 p.</subfield><subfield code="c">21 cm</subfield></datafield><datafield ind1=" " ind2=" " tag="336"><subfield code="b">txt</subfield><subfield code="2">rdacontent</subfield></datafield><datafield ind1=" " ind2=" " tag="337"><subfield code="b">n</subfield><subfield code="2">rdamedia</subfield></datafield><datafield ind1=" " ind2=" " tag="338"><subfield code="b">nc</subfield><subfield code="2">rdacarrier</subfield></datafield><datafield ind1="1" ind2=" " tag="490"><subfield code="a">Studien und Dokumente zur Geschichte der Romanischen Literaturen</subfield><subfield code="v">Bd. 43</subfield></datafield><datafield ind1=" " ind2=" " tag="500"><subfield code="a">Congreso de los hispanistas alemanes, Berlin, 1998</subfield></datafield><datafield ind1=" " ind2=" " tag="500"><subfield code="a">Text spanisch, einzelne Beitr. italienisch</subfield></datafield><datafield ind1=" " ind2="7" tag="650"><subfield code="a">lyrisme</subfield><subfield code="0">(RERO)A010111256</subfield><subfield code="2">rerovoc</subfield></datafield><datafield ind1=" " ind2="7" tag="650"><subfield code="a">Poésie espagnole</subfield><subfield code="0">(IDREF)027811611</subfield><subfield code="2">idref</subfield></datafield><datafield ind1=" " ind2="7" tag="650"><subfield code="a">16e siècle-20e siècle</subfield><subfield code="2">idref</subfield></datafield><datafield ind1=" " ind2="7" tag="650"><subfield code="a">Lyrik</subfield><subfield code="z">spanische</subfield><subfield code="x">Manierismus</subfield><subfield code="2">idsbb</subfield></datafield><datafield ind1=" " ind2="7" tag="650"><subfield code="a">Lyrik</subfield><subfield code="2">idszbz</subfield></datafield><datafield ind1=" " ind2="7" tag="650"><subfield code="a">Manierismus</subfield><subfield code="2">idszbz</subfield></datafield><datafield ind1=" " ind2="7" tag="650"><subfield code="a">Spanisch</subfield><subfield code="2">idszbz</subfield></datafield><datafield ind1=" " ind2="0" tag="650"><subfield code="a">Baroque literature</subfield><subfield code="x">History and criticism</subfield></datafield><datafield ind1=" " ind2="0" tag="650"><subfield code="a">Mannerism (Literature)</subfield><subfield code="x">History and criticism</subfield></datafield><datafield ind1=" " ind2="0" tag="650"><subfield code="a">Spanish poetry</subfield><subfield code="x">History and criticism</subfield></datafield><datafield ind1=" " ind2="7" tag="650"><subfield code="a">Lyrik</subfield><subfield code="0">(DE-588)4036774-5</subfield><subfield code="2">gnd</subfield></datafield><datafield ind1=" " ind2="7" tag="650"><subfield code="a">Manierismus</subfield><subfield code="0">(DE-588)4037343-5</subfield><subfield code="2">gnd</subfield></datafield><datafield ind1=" " ind2="7" tag="650"><subfield code="a">Spanisch</subfield><subfield code="0">(DE-588)4077640-2</subfield><subfield code="2">gnd</subfield></datafield><datafield ind1=" " ind2="7" tag="655"><subfield code="a">Actes de congrès</subfield><subfield code="0">(IDREF)02886431X</subfield><subfield code="2">idref</subfield></datafield><datafield ind1=" " ind2="7" tag="655"><subfield code="a">Aufsatzsammlung</subfield><subfield code="2">idszbz</subfield></datafield><datafield ind1=" " ind2="7" tag="655"><subfield code="a">Aufsatzsammlung</subfield><subfield code="2">gnd-content</subfield></datafield><datafield ind1=" " ind2=" " tag="690"><subfield code="a">Aachen; Poesie; Gongora; Becquer; Liebe; Chemnitz; Ljubljana; Ana; Caccia; Farinelli; Mythologie; Ruine; Buck; Cuenca; Diskurs; Brunnen; Läsion; Quelle; Wissenschaft; Übersicht</subfield><subfield code="2">idssg-J</subfield></datafield><datafield ind1=" " ind2=" " tag="690"><subfield code="a">Subversion; AnnaSophia; HansJoachim</subfield><subfield code="2">idssg-J</subfield></datafield><datafield ind1=" " ind2=" " tag="690"><subfield code="a">zeitgenössische Poesie; dunkele Liebe; erneutes Lesen; konzeptionelle Ungenauigkeit; manieristischer Christian; manieristisch Riprese; manieristischer Dichter; manieristische Rede; manieristische Struktur; poetisch Testo; spanischer Manierismus; spanische Poesie</subfield><subfield code="2">idssg-J</subfield></datafield><datafield ind1=" " ind2=" " tag="690"><subfield code="a">Deutschland C4EUGE; Spanien C4EUSP; Slowenien C4EXSL; Dänemark C4EUDE; Italien C4EUIT; Sachsen C4EUGE; Zypern C4EXCY</subfield><subfield code="2">idssg-J</subfield></datafield><datafield ind1=" " ind2=" " tag="690"><subfield code="a">Attilio Manzi Sevilla eat paesaggio finzionale; Christian Diskurs HansJoachim Lope Marburg; Claudio Cifuentes Aldunate; Cornelia Moser Aachen Voulezvous le folies ees; Cuenca; Di Ana Rossetti; Dichtung Manieristischen Strukturen; Eat paesaggio finzionale; Engel di Ana Rossetti; Federico García Lorca; Gustavo Adolfo Becquer; Gustavo Adolfo Becquer AnnaSophia Buck Aachen; Hans Felten Aachen Liebe Landschaft; Herrera; Italica David Nelting Chemnitz Gabriel Bocángei; Joseph Gallows Petra Tournay Nicosia Gustavo Adolfo Becquer; Literatur James Cortines Bemerkungen; Manierismus Poesie Hans Felten David Nelting; Peter LANG; Poesie PETER LANG Europáischer Verlag; Poesie Patrizia Farinelli Aachen Caccia Gongora; Riprese di Atteone; Riprese di Atteone James Cortines Sevilla; Sealed Quelle Ansätze; Solitudes Gongora Branka Kalenió; Ungenauigkeit Eugenia Sainz Venedig Kunst; Voulezvous le folies ees; Wissenschaft Index Einführung Claudio Cifuentes Aldunate</subfield><subfield code="2">idssg-J</subfield></datafield><datafield ind1="1" ind2=" " tag="700"><subfield code="6">880-02</subfield><subfield code="a">Felten, Hans</subfield><subfield code="d">1938-</subfield><subfield code="0">(DE-588)120644118</subfield></datafield><datafield ind1="1" ind2=" " tag="880"><subfield code="6">700-02</subfield><subfield code="a">Felten, Hans</subfield><subfield code="d">1938-....</subfield><subfield code="0">(IDREF)03059118X</subfield></datafield><datafield ind1="2" ind2=" " tag="711"><subfield code="a">Congreso de los hispanistas alemanes</subfield><subfield code="d">1998</subfield><subfield code="c">Berlin</subfield><subfield code="0">(RERO)A012318684</subfield></datafield><datafield ind1="4" ind2=" " tag="856"><subfield code="u">https://tools.unisg.ch/url/hm00053564</subfield><subfield code="z">Inhaltsverzeichnis</subfield></datafield><datafield ind1=" " ind2="0" tag="830"><subfield code="a">Studien und Dokumente zur Geschichte der romanischen Literaturen</subfield><subfield code="v">43</subfield><subfield code="w">(IDSBB)000163344DSV01</subfield></datafield><datafield ind1=" " ind2=" " tag="900"><subfield code="a">IDSZ2zbzmon200110f</subfield><subfield code="c">IDSZ2gapa</subfield><subfield code="d">IDSZ2zbzswk200110b</subfield><subfield code="e">IDSZ2brua</subfield></datafield><datafield ind1=" " ind2=" " tag="949"><subfield code="a">https://tools.unisg.ch/url/hm00053564</subfield></datafield><datafield ind1=" " ind2=" " tag="993"><subfield code="a">BFLA 196454</subfield><subfield code="x">ge/ules/a/02/105</subfield><subfield code="9">LOCAL</subfield></datafield></record>
</metadata></record>