<record><header><identifier>oai:alma.41SLSP_UGE:991000045079705502</identifier><datestamp>2023-03-01T01:09:23Z</datestamp><setSpec>uge_bcen_RapidILL_BOOK</setSpec><setSpec>uge_aaca_RapidILL_BOOK</setSpec><setSpec>uge_abels_RapidILL_BOOK</setSpec><setSpec>uge_dbu_RapidILL_BOOK</setSpec><setSpec>uge_cmu_RapidILL_BOOK</setSpec><setSpec>uge_mail_RapidILL_BOOK</setSpec><setSpec>UNIGE_ALL</setSpec><setSpec>uge_abbat_RapidILL_BOOK</setSpec><setSpec>uge_aobs_RapidILL_BOOK</setSpec><setSpec>uge_acar_RapidILL_BOOK</setSpec></header><metadata>
<record xmlns="http://www.loc.gov/MARC21/slim" xmlns:xsi="http://www.w3.org/2001/XMLSchema-instance" xsi:schemaLocation="http://www.loc.gov/MARC21/slim http://www.loc.gov/standards/marcxml/schema/MARC21slim.xsd"><leader>01055nam a2200253 c 4500</leader><controlfield tag="001">991000045079705502</controlfield><controlfield tag="005">20201125202910.0</controlfield><controlfield tag="008">880804s1929    xxu||||| |||| 00| ||eng d</controlfield><datafield ind1=" " ind2=" " tag="035"><subfield code="a">(swissbib)082979324-41slsp_network</subfield></datafield><datafield ind1=" " ind2=" " tag="035"><subfield code="a">082979324</subfield><subfield code="9">ExL</subfield></datafield><datafield ind1=" " ind2=" " tag="035"><subfield code="a">(RERO)1007213-41slsp</subfield></datafield><datafield ind1=" " ind2=" " tag="035"><subfield code="a">(EXLNZ-41SLSP_NETWORK)991154503679705501</subfield></datafield><datafield ind1=" " ind2=" " tag="040"><subfield code="a">RERO lausst</subfield><subfield code="d">CH-ZuSLS</subfield></datafield><datafield ind1=" " ind2="7" tag="072"><subfield code="a">st</subfield><subfield code="2">rero</subfield></datafield><datafield ind1="1" ind2=" " tag="100"><subfield code="a">Winchell, Newton Horace</subfield><subfield code="d">1839-1914</subfield><subfield code="0">(IDREF)083180591</subfield><subfield code="4">cre</subfield></datafield><datafield ind1="1" ind2="0" tag="245"><subfield code="a">Elements of optical mineralogy</subfield><subfield code="b">an introduction to microscopic petrography</subfield><subfield code="c">by N.H. Winchell and A.N. Winchell.</subfield><subfield code="n">Part 3</subfield><subfield code="p">Determinative tables</subfield></datafield><datafield ind1=" " ind2=" " tag="250"><subfield code="a">2nd ed. entirely rewritten and much enlarged</subfield><subfield code="b">by Alexander N. Winchell</subfield></datafield><datafield ind1=" " ind2="1" tag="264"><subfield code="a">New York</subfield><subfield code="b">J. Wiley</subfield><subfield code="a">London</subfield><subfield code="b">Chapman and Hall</subfield><subfield code="c">1929</subfield></datafield><datafield ind1=" " ind2=" " tag="300"><subfield code="a">XII, 204 p.</subfield><subfield code="b">ill.</subfield><subfield code="c">24 cm.</subfield><subfield code="e">III annexes</subfield></datafield><datafield ind1=" " ind2=" " tag="336"><subfield code="b">txt</subfield><subfield code="2">rdacontent</subfield></datafield><datafield ind1=" " ind2=" " tag="337"><subfield code="b">n</subfield><subfield code="2">rdamedia</subfield></datafield><datafield ind1=" " ind2=" " tag="338"><subfield code="b">nc</subfield><subfield code="2">rdacarrier</subfield></datafield><datafield ind1="1" ind2=" " tag="700"><subfield code="a">Winchell, Alexander Newton</subfield><subfield code="d">1874-1958</subfield><subfield code="0">(IDREF)078826365</subfield></datafield><datafield ind1="1" ind2=" " tag="800"><subfield code="a">Winchell, Newton Horace</subfield><subfield code="t">Elements of optical mineralogy : an introduction to microscopic petrography</subfield><subfield code="v">3</subfield></datafield><datafield ind1=" " ind2=" " tag="900"><subfield code="a">REROnoselfmerge</subfield></datafield></record>
</metadata></record>