<record><header><identifier>oai:alma.41SLSP_UGE:991000050599705502</identifier><datestamp>2024-03-08T01:22:13Z</datestamp><setSpec>uge_bcen_RapidILL_BOOK</setSpec><setSpec>uge_aaca_RapidILL_BOOK</setSpec><setSpec>uge_abels_RapidILL_BOOK</setSpec><setSpec>uge_dbu_RapidILL_BOOK</setSpec><setSpec>uge_cmu_RapidILL_BOOK</setSpec><setSpec>uge_mail_RapidILL_BOOK</setSpec><setSpec>uge_abbat_RapidILL_BOOK</setSpec><setSpec>UNIGE_ALL</setSpec><setSpec>uge_acar_RapidILL_BOOK</setSpec><setSpec>uge_aobs_RapidILL_BOOK</setSpec></header><metadata>
<record xmlns="http://www.loc.gov/MARC21/slim" xmlns:xsi="http://www.w3.org/2001/XMLSchema-instance" xsi:schemaLocation="http://www.loc.gov/MARC21/slim http://www.loc.gov/standards/marcxml/schema/MARC21slim.xsd"><leader>02159nam a2200553 c 4500</leader><controlfield tag="001">991000050599705502</controlfield><controlfield tag="005">20240307234029.0</controlfield><controlfield tag="008">201012s2005    gw       ||||u000 u ger|d</controlfield><datafield ind1=" " ind2=" " tag="015"><subfield code="a">GFR-CIP-05,N07,1431</subfield><subfield code="a">DNB-06,A01,1960</subfield></datafield><datafield ind1="7" ind2=" " tag="016"><subfield code="a">97354189X</subfield><subfield code="2">GyFmDB</subfield></datafield><datafield ind1=" " ind2=" " tag="020"><subfield code="a">3518188682</subfield><subfield code="c">kart. : EUR 5.00 (DE), ca. EUR 4.70 (AT), ca. sfr 8.40</subfield></datafield><datafield ind1=" " ind2=" " tag="035"><subfield code="a">(swissbib)23596669X-41slsp_network</subfield></datafield><datafield ind1=" " ind2=" " tag="035"><subfield code="a">23596669X</subfield><subfield code="9">ExL</subfield></datafield><datafield ind1=" " ind2=" " tag="035"><subfield code="a">(NEBIS)005118750EBI01</subfield></datafield><datafield ind1=" " ind2=" " tag="035"><subfield code="a">(IDSBB)003598534DSV01</subfield></datafield><datafield ind1=" " ind2=" " tag="035"><subfield code="a">(RERO)R003948836-41slsp</subfield></datafield><datafield ind1=" " ind2=" " tag="035"><subfield code="a">(DDB)97354189X</subfield></datafield><datafield ind1=" " ind2=" " tag="035"><subfield code="a">(ABN)000265109ABN01</subfield></datafield><datafield ind1=" " ind2=" " tag="035"><subfield code="a">(EXLNZ-41SLSP_NETWORK)991082747689705501</subfield></datafield><datafield ind1=" " ind2=" " tag="040"><subfield code="a">DDB</subfield><subfield code="d">CH-ZuSLS</subfield></datafield><datafield ind1=" " ind2="7" tag="072"><subfield code="a">nd</subfield><subfield code="2">SzZuIDS BS/BE</subfield></datafield><datafield ind1=" " ind2="7" tag="072"><subfield code="a">al</subfield><subfield code="2">rero</subfield></datafield><datafield ind1="0" ind2="4" tag="082"><subfield code="a">830.900 7</subfield><subfield code="2">22</subfield></datafield><datafield ind1="0" ind2="4" tag="082"><subfield code="a">830</subfield></datafield><datafield ind1="1" ind2="4" tag="082"><subfield code="a">830</subfield><subfield code="2">15</subfield></datafield><datafield ind1=" " ind2=" " tag="084"><subfield code="a">B</subfield><subfield code="2">sdnb</subfield></datafield><datafield ind1="1" ind2=" " tag="100"><subfield code="6">880-01</subfield><subfield code="a">Keller, Gottfried</subfield><subfield code="d">1819-1890</subfield><subfield code="0">(IDREF)026947226</subfield><subfield code="4">cre</subfield></datafield><datafield ind1="1" ind2=" " tag="880"><subfield code="a">Keller, Gottfried</subfield><subfield code="d">1819-1890</subfield><subfield code="0">(DE-588)11856109X</subfield><subfield code="6">100-01</subfield></datafield><datafield ind1="1" ind2="0" tag="245"><subfield code="a">Kleider machen Leute</subfield><subfield code="c">Gottfried Keller ; mit einem Kommentar von Peter Villwock</subfield></datafield><datafield ind1=" " ind2="1" tag="264"><subfield code="a">Frankfurt am Main</subfield><subfield code="b">Suhrkamp</subfield><subfield code="c">2005</subfield></datafield><datafield ind1=" " ind2=" " tag="300"><subfield code="a">191 p.</subfield><subfield code="c">18 cm</subfield></datafield><datafield ind1=" " ind2=" " tag="336"><subfield code="b">txt</subfield><subfield code="2">rdacontent</subfield></datafield><datafield ind1=" " ind2=" " tag="337"><subfield code="b">n</subfield><subfield code="2">rdamedia</subfield></datafield><datafield ind1=" " ind2=" " tag="338"><subfield code="b">nc</subfield><subfield code="2">rdacarrier</subfield></datafield><datafield ind1="1" ind2=" " tag="490"><subfield code="a">Suhrkamp BasisBibliothek</subfield><subfield code="v">68</subfield></datafield><datafield ind1="1" ind2=" " tag="490"><subfield code="a">Suhrkamp Basis Bibliothek. Text und Kommentar</subfield><subfield code="v">68</subfield></datafield><datafield ind1=" " ind2=" " tag="504"><subfield code="a">Literaturverz. S. 167 - 170</subfield></datafield><datafield ind1=" " ind2=" " tag="504"><subfield code="a">Bibliogr.: p. 167-170</subfield></datafield><datafield ind1="1" ind2="7" tag="600"><subfield code="a">Keller, Gottfried</subfield><subfield code="d">1819-1890</subfield><subfield code="0">(DE-588)11856109X</subfield><subfield code="2">gnd</subfield></datafield><datafield ind1="1" ind2="7" tag="600"><subfield code="a">Keller, Gottfried</subfield><subfield code="d">1819-1890</subfield><subfield code="t">Kleider machen Leute</subfield><subfield code="0">(DE-588)4099260-3</subfield><subfield code="2">gnd</subfield></datafield><datafield ind1="1" ind2="0" tag="600"><subfield code="a">Keller, Gottfried</subfield><subfield code="d">1819-1890</subfield><subfield code="t">Kleider machen Leute</subfield></datafield><datafield ind1="1" ind2="7" tag="600"><subfield code="a">Keller, Gottfried</subfield><subfield code="d">1819-1890</subfield><subfield code="t">Kleider machen Leute</subfield><subfield code="0">(IDREF)076151859</subfield><subfield code="2">idref</subfield></datafield><datafield ind1=" " ind2="7" tag="655"><subfield code="a">Kommentar</subfield><subfield code="2">gnd-content</subfield></datafield><datafield ind1=" " ind2=" " tag="690"><subfield code="a">Keller, Gottfried. Dichter (1819-1890)</subfield><subfield code="2">uzb-Z8</subfield></datafield><datafield ind1="1" ind2=" " tag="700"><subfield code="a">Villwock, Peter</subfield><subfield code="d">1962-</subfield><subfield code="0">(DE-588)172571170</subfield><subfield code="6">880-02</subfield></datafield><datafield ind1="1" ind2=" " tag="880"><subfield code="6">700-02</subfield><subfield code="a">Villwock, Peter</subfield><subfield code="0">(IDREF)03463388X</subfield></datafield><datafield ind1=" " ind2="0" tag="830"><subfield code="a">Suhrkamp BasisBibliothek</subfield><subfield code="v">68</subfield><subfield code="w">(NEBIS)001942046EBI01</subfield></datafield><datafield ind1=" " ind2=" " tag="900"><subfield code="a">IDSZ1Tur200512</subfield><subfield code="c">IDSZ1Keller, Gottfried. Dichter (1819-1890)</subfield></datafield><datafield ind1=" " ind2=" " tag="900"><subfield code="a">IDSZ1GK</subfield></datafield><datafield ind1=" " ind2=" " tag="900"><subfield code="a">IDSZ2zbzmon200603f</subfield><subfield code="c">IDSZ2proc</subfield><subfield code="d">IDSZ2zbzswk200603b</subfield><subfield code="e">IDSZ2boxm</subfield></datafield></record>
</metadata></record>