<record><header><identifier>oai:alma.41SLSP_UGE:991000044869705502</identifier><datestamp>2023-03-30T00:10:13Z</datestamp><setSpec>uge_bcen_RapidILL_BOOK</setSpec><setSpec>uge_aaca_RapidILL_BOOK</setSpec><setSpec>uge_abels_RapidILL_BOOK</setSpec><setSpec>uge_dbu_RapidILL_BOOK</setSpec><setSpec>uge_cmu_RapidILL_BOOK</setSpec><setSpec>uge_mail_RapidILL_BOOK</setSpec><setSpec>uge_abbat_RapidILL_BOOK</setSpec><setSpec>UNIGE_ALL</setSpec><setSpec>uge_aobs_RapidILL_BOOK</setSpec><setSpec>uge_acar_RapidILL_BOOK</setSpec></header><metadata>
<record xmlns="http://www.loc.gov/MARC21/slim" xmlns:xsi="http://www.w3.org/2001/XMLSchema-instance" xsi:schemaLocation="http://www.loc.gov/MARC21/slim http://www.loc.gov/standards/marcxml/schema/MARC21slim.xsd"><leader>01505nam a2200313 c 4500</leader><controlfield tag="001">991000044869705502</controlfield><controlfield tag="005">20230329195020.0</controlfield><controlfield tag="008">030626s2001    ja ||||| |||| 00| ||ita d</controlfield><datafield ind1=" " ind2=" " tag="035"><subfield code="a">(swissbib)099116294-41slsp_network</subfield></datafield><datafield ind1=" " ind2=" " tag="035"><subfield code="a">099116294</subfield><subfield code="9">ExL</subfield></datafield><datafield ind1=" " ind2=" " tag="035"><subfield code="a">(RERO)R003377590-41slsp</subfield></datafield><datafield ind1=" " ind2=" " tag="035"><subfield code="a">(EXLNZ-41SLSP_NETWORK)991002568539705501</subfield></datafield><datafield ind1=" " ind2=" " tag="040"><subfield code="a">RERO geulsa</subfield><subfield code="d">CH-ZuSLS</subfield></datafield><datafield ind1=" " ind2="7" tag="072"><subfield code="a">ar</subfield><subfield code="2">rero</subfield></datafield><datafield ind1=" " ind2="7" tag="072"><subfield code="a">ha</subfield><subfield code="2">rero</subfield></datafield><datafield ind1="0" ind2="0" tag="245"><subfield code="a">&lt;&lt;La&gt;&gt; casa di Giulio Polibio</subfield><subfield code="c">Ministero per i beni e le attività culturali, Soprintendenza archeologica di Pompei</subfield></datafield><datafield ind1=" " ind2="1" tag="264"><subfield code="a">[Tokio]</subfield><subfield code="b">Ed. centro studi arti figurative Università di Tokio</subfield><subfield code="c">2001</subfield></datafield><datafield ind1=" " ind2=" " tag="300"><subfield code="a">2 vol.(238, 307p.)</subfield><subfield code="b">ill.</subfield><subfield code="c">30 cm</subfield></datafield><datafield ind1=" " ind2=" " tag="336"><subfield code="b">txt</subfield><subfield code="2">rdacontent</subfield></datafield><datafield ind1=" " ind2=" " tag="337"><subfield code="b">n</subfield><subfield code="2">rdamedia</subfield></datafield><datafield ind1=" " ind2=" " tag="338"><subfield code="b">nc</subfield><subfield code="2">rdacarrier</subfield></datafield><datafield ind1=" " ind2=" " tag="500"><subfield code="a">[V.1]: Giornale di scavo 1966/1978 / Maria Oliva Auricchio ; a cura di Lorenzo Fergola e Vincenzina Castiglione Morelli Del Franco, con un contributo di Alfonso de Franciscis. [V.2]: Studi interdisciplinari / a cura di Annamaria Ciarallo e Ernesto De Carolis</subfield></datafield><datafield ind1=" " ind2="7" tag="650"><subfield code="a">Maisons romaines</subfield><subfield code="0">(IDREF)115021957</subfield><subfield code="2">idref</subfield></datafield><datafield ind1=" " ind2="7" tag="651"><subfield code="a">Pompéi (Italie) - Casa di Giulio Polibio</subfield><subfield code="0">(RERO)A010237772</subfield><subfield code="2">rero</subfield></datafield><datafield ind1="1" ind2=" " tag="700"><subfield code="a">Auricchio, Maria Oliva</subfield><subfield code="d">19..-....</subfield><subfield code="0">(IDREF)171812689</subfield></datafield><datafield ind1="1" ind2=" " tag="700"><subfield code="a">Ciarallo, Annamaria</subfield><subfield code="0">(IDREF)059252693</subfield></datafield><datafield ind1="1" ind2=" " tag="700"><subfield code="a">De Carolis, Ernesto</subfield><subfield code="d">1951-....</subfield><subfield code="0">(IDREF)02931996X</subfield></datafield><datafield ind1="1" ind2=" " tag="710"><subfield code="a">Italie</subfield><subfield code="b">Soprintendenza archeologica di Pompei</subfield><subfield code="0">(IDREF)030136903</subfield></datafield><datafield ind1="1" ind2=" " tag="710"><subfield code="a">Italie</subfield><subfield code="b">Ministero per i beni culturali e ambientali</subfield><subfield code="0">(IDREF)026390027</subfield></datafield><datafield ind1=" " ind2=" " tag="900"><subfield code="a">REROnoselfmerge</subfield></datafield></record>
</metadata></record>