<record><header><identifier>oai:alma.41SLSP_UGE:991000051119705502</identifier><datestamp>2023-03-01T01:09:23Z</datestamp><setSpec>uge_bcen_RapidILL_BOOK</setSpec><setSpec>uge_aaca_RapidILL_BOOK</setSpec><setSpec>uge_abels_RapidILL_BOOK</setSpec><setSpec>uge_dbu_RapidILL_BOOK</setSpec><setSpec>uge_cmu_RapidILL_BOOK</setSpec><setSpec>uge_mail_RapidILL_BOOK</setSpec><setSpec>UNIGE_ALL</setSpec><setSpec>uge_abbat_RapidILL_BOOK</setSpec><setSpec>uge_aobs_RapidILL_BOOK</setSpec><setSpec>uge_acar_RapidILL_BOOK</setSpec></header><metadata>
<record xmlns="http://www.loc.gov/MARC21/slim" xmlns:xsi="http://www.w3.org/2001/XMLSchema-instance" xsi:schemaLocation="http://www.loc.gov/MARC21/slim http://www.loc.gov/standards/marcxml/schema/MARC21slim.xsd"><leader>01303nam a2200349 c 4500</leader><controlfield tag="001">991000051119705502</controlfield><controlfield tag="005">20210207172951.0</controlfield><controlfield tag="008">200908s1983    cc            000 0 chi d</controlfield><datafield ind1=" " ind2=" " tag="035"><subfield code="a">(swissbib)126713960-41slsp_network</subfield></datafield><datafield ind1=" " ind2=" " tag="035"><subfield code="a">126713960</subfield><subfield code="9">ExL</subfield></datafield><datafield ind1=" " ind2=" " tag="035"><subfield code="a">(RERO)R009076805-41slsp</subfield></datafield><datafield ind1=" " ind2=" " tag="035"><subfield code="a">(EXLNZ-41SLSP_NETWORK)991087063169705501</subfield></datafield><datafield ind1=" " ind2=" " tag="040"><subfield code="a">DLC-R</subfield><subfield code="b">eng</subfield><subfield code="d">CH-ZuSLS</subfield></datafield><datafield ind1="0" ind2="0" tag="050"><subfield code="a">AC149</subfield><subfield code="b">.L388 1983</subfield></datafield><datafield ind1="0" ind2="0" tag="050"><subfield code="a">DS754</subfield><subfield code="b">L5553 1983</subfield></datafield><datafield ind1=" " ind2="7" tag="072"><subfield code="a">or</subfield><subfield code="2">rero</subfield></datafield><datafield ind1="0" ind2="0" tag="082"><subfield code="a">951/.03/0207</subfield><subfield code="2">19</subfield></datafield><datafield ind1="0" ind2="0" tag="245"><subfield code="6">880-01</subfield><subfield code="a">Li dai xiao shuo bi ji xuan</subfield><subfield code="p">Song</subfield><subfield code="c">Jiang Yujing bian ji</subfield></datafield><datafield ind1="0" ind2="0" tag="880"><subfield code="6">245-01/$1</subfield><subfield code="a">歷代小說筆記選</subfield><subfield code="p">宋</subfield><subfield code="c">江畬經編輯</subfield></datafield><datafield ind1=" " ind2=" " tag="250"><subfield code="6">880-02</subfield><subfield code="a">Di 1 ban.</subfield></datafield><datafield ind1=" " ind2=" " tag="880"><subfield code="6">250-02/$1</subfield><subfield code="a">第1版</subfield></datafield><datafield ind1=" " ind2="1" tag="264"><subfield code="6">880-03</subfield><subfield code="a">Shanghai</subfield><subfield code="b">Shanghai shu dian</subfield><subfield code="c">1983</subfield></datafield><datafield ind1=" " ind2="1" tag="880"><subfield code="6">264-03/$1</subfield><subfield code="a">上海</subfield><subfield code="b">上海書店</subfield><subfield code="c">1983</subfield></datafield><datafield ind1=" " ind2=" " tag="300"><subfield code="a">2 volumes (4, 702 pages)</subfield><subfield code="c">19 cm</subfield></datafield><datafield ind1=" " ind2=" " tag="336"><subfield code="b">txt</subfield><subfield code="2">rdacontent</subfield></datafield><datafield ind1=" " ind2=" " tag="337"><subfield code="b">n</subfield><subfield code="2">rdamedia</subfield></datafield><datafield ind1=" " ind2=" " tag="338"><subfield code="b">nc</subfield><subfield code="2">rdacarrier</subfield></datafield><datafield ind1=" " ind2=" " tag="500"><subfield code="a">Reprint</subfield></datafield><datafield ind1=" " ind2="0" tag="651"><subfield code="a">China</subfield><subfield code="x">History</subfield><subfield code="y">Qing dynasty, 1644-1912</subfield><subfield code="v">Anecdotes</subfield></datafield><datafield ind1="1" ind2=" " tag="700"><subfield code="6">880-04</subfield><subfield code="a">Jiang, Yujing</subfield><subfield code="4">ctb</subfield></datafield><datafield ind1="1" ind2=" " tag="880"><subfield code="6">700-04/$1</subfield><subfield code="a">江畬經</subfield><subfield code="4">ctb</subfield></datafield><datafield ind1=" " ind2=" " tag="900"><subfield code="a">REROnoselfmerge</subfield></datafield><datafield ind1=" " ind2=" " tag="910"><subfield code="a">OCoLC</subfield><subfield code="b">20200908</subfield><subfield code="c">Réutilisation sous conditions: Licence ODC-BY</subfield></datafield></record>
</metadata></record>