<record><header><identifier>oai:alma.41SLSP_UGE:991000051019705502</identifier><datestamp>2023-05-23T00:13:21Z</datestamp><setSpec>uge_bcen_RapidILL_BOOK</setSpec><setSpec>uge_aaca_RapidILL_BOOK</setSpec><setSpec>uge_abels_RapidILL_BOOK</setSpec><setSpec>uge_dbu_RapidILL_BOOK</setSpec><setSpec>uge_cmu_RapidILL_BOOK</setSpec><setSpec>uge_mail_RapidILL_BOOK</setSpec><setSpec>uge_abbat_RapidILL_BOOK</setSpec><setSpec>UNIGE_ALL</setSpec><setSpec>uge_aobs_RapidILL_BOOK</setSpec><setSpec>uge_acar_RapidILL_BOOK</setSpec></header><metadata>
<record xmlns="http://www.loc.gov/MARC21/slim" xmlns:xsi="http://www.w3.org/2001/XMLSchema-instance" xsi:schemaLocation="http://www.loc.gov/MARC21/slim http://www.loc.gov/standards/marcxml/schema/MARC21slim.xsd"><leader>02523nam a2200613 c 4500</leader><controlfield tag="001">991000051019705502</controlfield><controlfield tag="005">20230516190319.0</controlfield><controlfield tag="008">201012s2008    gr            00| | eng|d</controlfield><datafield ind1=" " ind2=" " tag="020"><subfield code="a">9789609839716</subfield><subfield code="q">Festeinband</subfield><subfield code="c">40.00 EUR</subfield></datafield><datafield ind1=" " ind2=" " tag="035"><subfield code="a">(swissbib)24308112X-41slsp_network</subfield></datafield><datafield ind1=" " ind2=" " tag="035"><subfield code="a">24308112X</subfield><subfield code="9">ExL</subfield></datafield><datafield ind1=" " ind2=" " tag="035"><subfield code="a">(IDSBB)004876239DSV01</subfield></datafield><datafield ind1=" " ind2=" " tag="035"><subfield code="a">(RERO)R005019663-41slsp</subfield></datafield><datafield ind1=" " ind2=" " tag="035"><subfield code="a">(NEBIS)009539549EBI01</subfield></datafield><datafield ind1=" " ind2=" " tag="035"><subfield code="a">(EXLNZ-41SLSP_NETWORK)991043664259705501</subfield></datafield><datafield ind1=" " ind2=" " tag="040"><subfield code="a">ItFiC</subfield><subfield code="b">ger</subfield><subfield code="e">rda</subfield><subfield code="d">CH-ZuSLS</subfield></datafield><datafield ind1="0" ind2=" " tag="041"><subfield code="a">eng</subfield><subfield code="a">fre</subfield><subfield code="a">ita</subfield></datafield><datafield ind1=" " ind2=" " tag="050"><subfield code="a">NK</subfield></datafield><datafield ind1=" " ind2="7" tag="072"><subfield code="a">ar</subfield><subfield code="2">SzZuIDS BS/BE</subfield></datafield><datafield ind1=" " ind2="7" tag="072"><subfield code="a">ar</subfield><subfield code="2">rero</subfield></datafield><datafield ind1="1" ind2="4" tag="082"><subfield code="a">738</subfield><subfield code="2">21</subfield></datafield><datafield ind1="1" ind2="4" tag="082"><subfield code="a">930</subfield><subfield code="2">15</subfield></datafield><datafield ind1=" " ind2=" " tag="084"><subfield code="a">LG 4200</subfield><subfield code="2">rvk</subfield></datafield><datafield ind1="0" ind2="0" tag="245"><subfield code="a">Alba della città, alba delle immagini?</subfield><subfield code="b">da una suggestione di Bruno d'Agostino</subfield><subfield code="c">prefazione E. Greco</subfield></datafield><datafield ind1=" " ind2="1" tag="264"><subfield code="a">Atene</subfield><subfield code="b">Scuola Archeologica Italiana di Atene</subfield><subfield code="c">2008</subfield></datafield><datafield ind1=" " ind2=" " tag="300"><subfield code="a">109 Seiten</subfield><subfield code="b">Illustrationen</subfield></datafield><datafield ind1=" " ind2=" " tag="336"><subfield code="b">txt</subfield><subfield code="2">rdacontent</subfield></datafield><datafield ind1=" " ind2=" " tag="337"><subfield code="b">n</subfield><subfield code="2">rdamedia</subfield></datafield><datafield ind1=" " ind2=" " tag="338"><subfield code="b">nc</subfield><subfield code="2">rdacarrier</subfield></datafield><datafield ind1="1" ind2=" " tag="490"><subfield code="a">Tripodes</subfield><subfield code="v">7</subfield></datafield><datafield ind1=" " ind2=" " tag="500"><subfield code="a">Contributions en italien, anglais, et français</subfield></datafield><datafield ind1=" " ind2=" " tag="500"><subfield code="a">Collected essays</subfield></datafield><datafield ind1=" " ind2=" " tag="500"><subfield code="a">Texts in English, French or Italian</subfield></datafield><datafield ind1=" " ind2=" " tag="504"><subfield code="a">Includes bibliographical references</subfield></datafield><datafield ind1=" " ind2=" " tag="546"><subfield code="a">Beiträge teilweise italienisch, teilweise englisch, teilweise französisch</subfield></datafield><datafield ind1=" " ind2="7" tag="650"><subfield code="a">Vasenmalerei</subfield><subfield code="0">(DE-588)4062377-4</subfield><subfield code="2">gnd</subfield></datafield><datafield ind1=" " ind2="7" tag="650"><subfield code="a">Polis</subfield><subfield code="0">(DE-588)4130444-5</subfield><subfield code="2">gnd</subfield></datafield><datafield ind1=" " ind2="7" tag="650"><subfield code="a">Entstehung</subfield><subfield code="0">(DE-588)4156614-2</subfield><subfield code="2">gnd</subfield></datafield><datafield ind1=" " ind2="7" tag="650"><subfield code="a">1000 av. J.-C.-478 av. J.-C.</subfield><subfield code="2">idref</subfield></datafield><datafield ind1=" " ind2="7" tag="650"><subfield code="a">iconographie</subfield><subfield code="0">(RERO)A009950092</subfield><subfield code="2">rerovoc</subfield></datafield><datafield ind1=" " ind2="7" tag="650"><subfield code="a">Art grec géométrique</subfield><subfield code="0">(IDREF)030224233</subfield><subfield code="2">idref</subfield></datafield><datafield ind1=" " ind2="7" tag="650"><subfield code="a">Amphores grecques</subfield><subfield code="0">(IDREF)028694066</subfield><subfield code="2">idref</subfield></datafield><datafield ind1=" " ind2="7" tag="650"><subfield code="a">Céramique grecque</subfield><subfield code="0">(IDREF)027310914</subfield><subfield code="2">idref</subfield></datafield><datafield ind1=" " ind2="7" tag="651"><subfield code="a">Griechenland</subfield><subfield code="g">Altertum</subfield><subfield code="0">(DE-588)4093976-5</subfield><subfield code="2">gnd</subfield></datafield><datafield ind1=" " ind2="7" tag="655"><subfield code="a">Aufsatzsammlung</subfield><subfield code="2">gnd-content</subfield></datafield><datafield ind1=" " ind2="7" tag="655"><subfield code="a">Actes de congrès</subfield><subfield code="0">(IDREF)02886431X</subfield><subfield code="2">idref</subfield></datafield><datafield ind1=" " ind2="7" tag="651"><subfield code="a">Grèce</subfield><subfield code="y">800-500 av. J.-C. (Époque archaïque)</subfield><subfield code="0">(IDREF)027433684</subfield><subfield code="2">idref</subfield></datafield><datafield ind1="1" ind2=" " tag="700"><subfield code="a">Greco, Emanuele</subfield><subfield code="d">1945-</subfield><subfield code="0">(DE-588)112880088</subfield><subfield code="e">Verfasser eines Vorworts</subfield><subfield code="4">wpr</subfield></datafield><datafield ind1="1" ind2=" " tag="700"><subfield code="a">D'Agostino, Bruno</subfield><subfield code="d">1936-</subfield><subfield code="0">(DE-588)1051224527</subfield><subfield code="e">Mitwirkender</subfield><subfield code="4">ctb</subfield><subfield code="6">880-03</subfield></datafield><datafield ind1="1" ind2=" " tag="880"><subfield code="a">D'Agostino, Bruno</subfield><subfield code="0">(RERO)A003149889</subfield><subfield code="6">700-03</subfield></datafield><datafield ind1="2" ind2=" " tag="710"><subfield code="a">Scuola Archeologica Italiana</subfield><subfield code="g">Athen</subfield><subfield code="0">(DE-588)36397-2</subfield></datafield><datafield ind1="4" ind2=" " tag="856"><subfield code="3">Inhaltsverzeichnis</subfield><subfield code="u">http://www.ub.unibas.ch/tox/IDSBB/004876239/PDF</subfield><subfield code="q">pdf</subfield></datafield><datafield ind1=" " ind2="0" tag="830"><subfield code="a">Tripodes</subfield><subfield code="v">7</subfield><subfield code="w">(RERO)R003906052-41slsp</subfield></datafield><datafield ind1=" " ind2=" " tag="900"><subfield code="a">Stoppsignal FRED</subfield></datafield><datafield ind1=" " ind2=" " tag="949"><subfield code="a">http://www.ub.unibas.ch/tox/IDSBB/004876239/PDF</subfield></datafield></record>
</metadata></record>