<record><header><identifier>oai:alma.41SLSP_UGE:991000044859705502</identifier><datestamp>2023-03-31T00:23:58Z</datestamp><setSpec>uge_bcen_RapidILL_BOOK</setSpec><setSpec>uge_aaca_RapidILL_BOOK</setSpec><setSpec>uge_abels_RapidILL_BOOK</setSpec><setSpec>uge_dbu_RapidILL_BOOK</setSpec><setSpec>uge_cmu_RapidILL_BOOK</setSpec><setSpec>uge_mail_RapidILL_BOOK</setSpec><setSpec>uge_abbat_RapidILL_BOOK</setSpec><setSpec>UNIGE_ALL</setSpec><setSpec>uge_aobs_RapidILL_BOOK</setSpec><setSpec>uge_acar_RapidILL_BOOK</setSpec></header><metadata>
<record xmlns="http://www.loc.gov/MARC21/slim" xmlns:xsi="http://www.w3.org/2001/XMLSchema-instance" xsi:schemaLocation="http://www.loc.gov/MARC21/slim http://www.loc.gov/standards/marcxml/schema/MARC21slim.xsd"><leader>02584nam a2200397 c 4500</leader><controlfield tag="001">991000044859705502</controlfield><controlfield tag="005">20230330221506.0</controlfield><controlfield tag="008">040213s2001    sz ||||| m||| 00| ||fre d</controlfield><datafield ind1=" " ind2=" " tag="019"><subfield code="a">Catalogage décrit l'exemplaire de thèse</subfield><subfield code="5">RERO/geudbu/02.2004</subfield></datafield><datafield ind1=" " ind2=" " tag="035"><subfield code="a">(swissbib)100237304-41slsp_network</subfield></datafield><datafield ind1=" " ind2=" " tag="035"><subfield code="a">100237304</subfield><subfield code="9">ExL</subfield></datafield><datafield ind1=" " ind2=" " tag="035"><subfield code="a">(RERO)R003585041-41slsp</subfield></datafield><datafield ind1=" " ind2=" " tag="035"><subfield code="a">(EXLNZ-41SLSP_NETWORK)991046358749705501</subfield></datafield><datafield ind1=" " ind2=" " tag="040"><subfield code="a">RERO geudbu</subfield><subfield code="d">CH-ZuSLS</subfield></datafield><datafield ind1=" " ind2=" " tag="044"><subfield code="a">sz</subfield><subfield code="c">ch-ge</subfield></datafield><datafield ind1=" " ind2="7" tag="072"><subfield code="a">st</subfield><subfield code="2">rero</subfield></datafield><datafield ind1="1" ind2=" " tag="100"><subfield code="a">Rosset, Philippe</subfield><subfield code="c">géologue</subfield><subfield code="0">(RERO)A012375051</subfield><subfield code="4">cre</subfield></datafield><datafield ind1="1" ind2="0" tag="245"><subfield code="a">Evaluation de l'aléa sismique dans les vallées alpines par des méthodes déterministes</subfield><subfield code="c">Philippe Rosset</subfield></datafield><datafield ind1=" " ind2="1" tag="264"><subfield code="a">Genève</subfield><subfield code="b">[éditeur non identifié]</subfield><subfield code="c">2001</subfield></datafield><datafield ind1=" " ind2="3" tag="264"><subfield code="a">Genève</subfield><subfield code="b">Atelier de reprod. de la Section de physique</subfield></datafield><datafield ind1=" " ind2=" " tag="300"><subfield code="a">V, 133 p.</subfield><subfield code="b">ill.</subfield><subfield code="c">30 cm</subfield></datafield><datafield ind1=" " ind2=" " tag="336"><subfield code="b">txt</subfield><subfield code="2">rdacontent</subfield></datafield><datafield ind1=" " ind2=" " tag="337"><subfield code="b">n</subfield><subfield code="2">rdamedia</subfield></datafield><datafield ind1=" " ind2=" " tag="338"><subfield code="b">nc</subfield><subfield code="2">rdacarrier</subfield></datafield><datafield ind1=" " ind2=" " tag="500"><subfield code="a">A également paru dans la collection &quot;Terre et environnement&quot;, vol. 34</subfield></datafield><datafield ind1=" " ind2=" " tag="502"><subfield code="a">Th. sc. terre Genève, 2001 ; Sc. 3298</subfield></datafield><datafield ind1=" " ind2=" " tag="504"><subfield code="a">Bibliogr. : p. 127-133</subfield></datafield><datafield ind1=" " ind2=" " tag="508"><subfield code="a">Directeur de thèse : Professeur Jean-Jacques Wagner</subfield></datafield><datafield ind1="8" ind2=" " tag="520"><subfield code="a">Dans les régions alpines à sismicité modérée, l'approche probabiliste classique ne permet pas d'évaluer de manière fiable les mouvements du sol induits par un séisme majeur. Le manque d'information dans les cas de sources proches et de fortes magnitudes - deux cas critiques en terme de dommages - en est la principale raison</subfield><subfield code="5">RERO/geudbu/02.2002</subfield></datafield><datafield ind1="8" ind2=" " tag="520"><subfield code="a">L'objectif de cette thèse est de mettre en oeuvre une méthodologie déterministe d'évaluation de l'aléa sismique à l'échelle locale. Deux modèles sont utilisés pour calculer des signaux synthétiques selon différentes configurations source-site:</subfield><subfield code="5">RERO/geudbu/02.2002</subfield></datafield><datafield ind1="8" ind2=" " tag="520"><subfield code="a">L'un considère des enregistrements de séismes de faible magnitude comme fonctions de Green empirique pour calculer l'effet d'un séisme plus fort</subfield><subfield code="5">RERO/geudbu/02.2002</subfield></datafield><datafield ind1="8" ind2=" " tag="520"><subfield code="a">L'autre se base sur un modèle cinématique de rupture en &quot;k⁻²&quot; pour calculer des signaux large bande respectant une décroissance spectrale en [oméga minuscule]²</subfield><subfield code="5">RERO/geudbu/02.2002</subfield></datafield><datafield ind1="8" ind2=" " tag="520"><subfield code="a">Des applications pour différentes sources sismiques en Valais (Suisse) et dans la ville de Barcelone (Espagne) sont présentées et discutées</subfield><subfield code="5">RERO/geudbu/02.2002</subfield></datafield><datafield ind1=" " ind2="7" tag="650"><subfield code="a">Sismologie</subfield><subfield code="0">(IDREF)027248593</subfield><subfield code="2">idref</subfield></datafield><datafield ind1=" " ind2="7" tag="650"><subfield code="a">tremblement de terre - prévention</subfield><subfield code="0">(RERO)A010160196</subfield><subfield code="2">rerovoc</subfield></datafield><datafield ind1=" " ind2="7" tag="651"><subfield code="a">Valais (Suisse)</subfield><subfield code="0">(IDREF)027303063</subfield><subfield code="2">idref</subfield></datafield><datafield ind1=" " ind2=" " tag="900"><subfield code="a">REROnoselfmerge</subfield></datafield></record>
</metadata></record>