<record><header><identifier>oai:alma.41SLSP_UGE:991000044339705502</identifier><datestamp>2023-03-01T01:09:23Z</datestamp><setSpec>uge_bcen_RapidILL_BOOK</setSpec><setSpec>uge_aaca_RapidILL_BOOK</setSpec><setSpec>uge_abels_RapidILL_BOOK</setSpec><setSpec>uge_dbu_RapidILL_BOOK</setSpec><setSpec>uge_cmu_RapidILL_BOOK</setSpec><setSpec>uge_mail_RapidILL_BOOK</setSpec><setSpec>UNIGE_ALL</setSpec><setSpec>uge_abbat_RapidILL_BOOK</setSpec><setSpec>uge_aobs_RapidILL_BOOK</setSpec><setSpec>uge_acar_RapidILL_BOOK</setSpec></header><metadata>
<record xmlns="http://www.loc.gov/MARC21/slim" xmlns:xsi="http://www.w3.org/2001/XMLSchema-instance" xsi:schemaLocation="http://www.loc.gov/MARC21/slim http://www.loc.gov/standards/marcxml/schema/MARC21slim.xsd"><leader>01102naa a2200253 c 4500</leader><controlfield tag="001">991000044339705502</controlfield><controlfield tag="005">20201227142800.0</controlfield><controlfield tag="008">010306s1961    xxu||||| m||| 00| ||ger d</controlfield><datafield ind1=" " ind2=" " tag="035"><subfield code="a">(swissbib)096589167-41slsp_network</subfield></datafield><datafield ind1=" " ind2=" " tag="035"><subfield code="a">096589167</subfield><subfield code="9">ExL</subfield></datafield><datafield ind1=" " ind2=" " tag="035"><subfield code="a">(RERO)R003007885-41slsp</subfield></datafield><datafield ind1=" " ind2=" " tag="035"><subfield code="a">(EXLNZ-41SLSP_NETWORK)991155578239705501</subfield></datafield><datafield ind1=" " ind2=" " tag="040"><subfield code="a">RERO gevbpu</subfield><subfield code="d">CH-ZuSLS</subfield></datafield><datafield ind1=" " ind2="7" tag="072"><subfield code="a">bi</subfield><subfield code="2">rero</subfield></datafield><datafield ind1="1" ind2=" " tag="100"><subfield code="a">Handschin, Gert</subfield><subfield code="0">(RERO)A006354160</subfield><subfield code="4">cre</subfield></datafield><datafield ind1="1" ind2="0" tag="245"><subfield code="a">Entwicklungs- und organspezifisches Verteilungsmuster der Pterine bei einem Wildstamm und bei der Mutante 'rosy' von 'Drosophila melanogaster'</subfield><subfield code="c">Gert Handschin</subfield></datafield><datafield ind1=" " ind2=" " tag="336"><subfield code="b">txt</subfield><subfield code="2">rdacontent</subfield></datafield><datafield ind1=" " ind2=" " tag="337"><subfield code="b">n</subfield><subfield code="2">rdamedia</subfield></datafield><datafield ind1=" " ind2=" " tag="338"><subfield code="b">nc</subfield><subfield code="2">rdacarrier</subfield></datafield><datafield ind1="1" ind2=" " tag="490"><subfield code="a">Georges und Antoine Claraz-Schenkung. [Serie Zoologie</subfield><subfield code="v">Nr. 191]</subfield></datafield><datafield ind1=" " ind2=" " tag="502"><subfield code="a">Diss. Zürich, 1960</subfield></datafield><datafield ind1=" " ind2=" " tag="580"><subfield code="a">In: Developmental biology. - New York. - Vol. 3(1961), no. 2, p. 115-139</subfield></datafield><datafield ind1="0" ind2=" " tag="773"><subfield code="t">Developmental biology. Society for Developmental Biology</subfield><subfield code="g">1961/115</subfield><subfield code="g">yr:1961</subfield><subfield code="w">(RERO)0055827-41slsp</subfield></datafield><datafield ind1=" " ind2=" " tag="830"><subfield code="a">Donation &quot;Georges et Antoine Claraz&quot;</subfield><subfield code="p">Série zoologie</subfield><subfield code="v">191</subfield><subfield code="w">(RERO)R004837454-41slsp</subfield></datafield><datafield ind1=" " ind2=" " tag="900"><subfield code="a">REROnoselfmerge</subfield></datafield></record>
</metadata></record>