<record><header><identifier>oai:alma.41SLSP_UGE:991000050809705502</identifier><datestamp>2023-04-06T00:08:45Z</datestamp><setSpec>uge_bcen_RapidILL_BOOK</setSpec><setSpec>uge_aaca_RapidILL_BOOK</setSpec><setSpec>uge_abels_RapidILL_BOOK</setSpec><setSpec>uge_dbu_RapidILL_BOOK</setSpec><setSpec>uge_cmu_RapidILL_BOOK</setSpec><setSpec>uge_mail_RapidILL_BOOK</setSpec><setSpec>uge_abbat_RapidILL_BOOK</setSpec><setSpec>UNIGE_ALL</setSpec><setSpec>uge_aobs_RapidILL_BOOK</setSpec><setSpec>uge_acar_RapidILL_BOOK</setSpec></header><metadata>
<record xmlns="http://www.loc.gov/MARC21/slim" xmlns:xsi="http://www.w3.org/2001/XMLSchema-instance" xsi:schemaLocation="http://www.loc.gov/MARC21/slim http://www.loc.gov/standards/marcxml/schema/MARC21slim.xsd"><leader>02946nam a2200433 c 4500</leader><controlfield tag="001">991000050809705502</controlfield><controlfield tag="005">20230405200422.0</controlfield><controlfield tag="008">200526s2019    xxua          001 0 eng d</controlfield><datafield ind1=" " ind2=" " tag="020"><subfield code="a">148424317X</subfield></datafield><datafield ind1=" " ind2=" " tag="020"><subfield code="a">9781484243176</subfield></datafield><datafield ind1=" " ind2=" " tag="035"><subfield code="a">(swissbib)126510547-41slsp_network</subfield></datafield><datafield ind1=" " ind2=" " tag="035"><subfield code="a">126510547</subfield><subfield code="9">ExL</subfield></datafield><datafield ind1=" " ind2=" " tag="035"><subfield code="a">(RERO)R009045617-41slsp</subfield></datafield><datafield ind1=" " ind2=" " tag="035"><subfield code="a">(EXLNZ-41SLSP_NETWORK)991153597589705501</subfield></datafield><datafield ind1=" " ind2=" " tag="040"><subfield code="a">YDX</subfield><subfield code="b">eng</subfield><subfield code="d">CH-ZuSLS</subfield></datafield><datafield ind1=" " ind2="4" tag="050"><subfield code="a">QA76.73.S67</subfield><subfield code="b">P655 2019</subfield></datafield><datafield ind1=" " ind2="7" tag="072"><subfield code="a">in</subfield><subfield code="2">rero</subfield></datafield><datafield ind1="0" ind2="4" tag="082"><subfield code="a">005.756</subfield><subfield code="2">23</subfield></datafield><datafield ind1="1" ind2=" " tag="100"><subfield code="a">Pollack, Edward</subfield><subfield code="4">aut</subfield></datafield><datafield ind1="1" ind2="0" tag="245"><subfield code="a">Dynamic SQL</subfield><subfield code="b">applications, performance, and security in Microsoft SQL Server</subfield><subfield code="c">Edward Pollack</subfield></datafield><datafield ind1=" " ind2=" " tag="250"><subfield code="a">2nd ed.</subfield></datafield><datafield ind1=" " ind2="1" tag="264"><subfield code="a">[Berkeley, California]</subfield><subfield code="b">Apress</subfield><subfield code="c">[2019]</subfield></datafield><datafield ind1=" " ind2="2" tag="264"><subfield code="a">New York, NY</subfield><subfield code="b">Distributed by Springer Science + Business Media</subfield></datafield><datafield ind1=" " ind2="4" tag="264"><subfield code="c">© 2019</subfield></datafield><datafield ind1=" " ind2=" " tag="300"><subfield code="a">xx, 496 pages</subfield><subfield code="b">illustrations</subfield><subfield code="c">25 cm</subfield></datafield><datafield ind1=" " ind2=" " tag="336"><subfield code="b">txt</subfield><subfield code="2">rdacontent</subfield></datafield><datafield ind1=" " ind2=" " tag="337"><subfield code="b">n</subfield><subfield code="2">rdamedia</subfield></datafield><datafield ind1=" " ind2=" " tag="338"><subfield code="b">nc</subfield><subfield code="2">rdacarrier</subfield></datafield><datafield ind1="0" ind2=" " tag="490"><subfield code="a">For professionals by professionals</subfield></datafield><datafield ind1="8" ind2=" " tag="520"><subfield code="a">&quot;Take a deep dive into the many uses of dynamic SQL in Microsoft SQL server. This edition has been updated to use the newest features in SQL Server 2016 and SQL Server 2017 as well as incorporating the changing landscape of analytics and database administration. Code examples have been updated with new system objects and functions to improve efficiency and maintainability. Executing dynamic SQL is key to large-scale searching based on user-entered criteria. Dynamic SQL can generate lists of values and even code with minimal impact on performance. Dynamic SQL enables dynamic pivoting of data for business intelligence solutions as well as customizing of database objects. Yet dynamic SQL is feared by many due to concerns over SQL injection or code maintainability. &quot;Dynamic SQL : applications, performance, and security in Microsoft SQL Server&quot; helps you bring the productivity and user-satisfaction of flexible and responsive applications to your organization safely and securely. Your organization's increased ability to respond to rapidly changing business scenarios will build competitive advantage in an increasingly crowded and competitive global marketplace. With a focus on new applications and modern database architecture, this edition illustrates that dynamic SQL continues to evolve and be a valuable tool for administration, performance optimization, and analytics.&quot; - Provided by publisher</subfield></datafield><datafield ind1=" " ind2="0" tag="650"><subfield code="a">Computer security</subfield></datafield><datafield ind1=" " ind2="0" tag="650"><subfield code="a">Database management</subfield></datafield><datafield ind1=" " ind2="0" tag="650"><subfield code="a">SQL (Computer program language)</subfield></datafield><datafield ind1=" " ind2="7" tag="650"><subfield code="a">Mesures de sûreté</subfield><subfield code="0">(IDREF)027798119</subfield><subfield code="2">idref</subfield></datafield><datafield ind1=" " ind2="7" tag="650"><subfield code="a">Systèmes informatiques</subfield><subfield code="0">(IDREF)027249913</subfield><subfield code="2">idref</subfield></datafield><datafield ind1=" " ind2="7" tag="650"><subfield code="a">Sécurité des systèmes</subfield><subfield code="0">(IDREF)032657064</subfield><subfield code="2">idref</subfield></datafield><datafield ind1=" " ind2="7" tag="650"><subfield code="a">Bases de données</subfield><subfield code="0">(IDREF)027220842</subfield><subfield code="2">idref</subfield></datafield><datafield ind1=" " ind2="7" tag="650"><subfield code="a">SQL (langage de programmation)</subfield><subfield code="0">(IDREF)029378648</subfield><subfield code="2">idref</subfield></datafield><datafield ind1=" " ind2=" " tag="900"><subfield code="a">REROnoselfmerge</subfield></datafield><datafield ind1=" " ind2=" " tag="910"><subfield code="a">OCoLC</subfield><subfield code="b">20200526</subfield><subfield code="c">Réutilisation sous conditions: Licence ODC-BY</subfield></datafield></record>
</metadata></record>