<record><header><identifier>oai:alma.41SLSP_UGE:991000050409705502</identifier><datestamp>2024-03-14T01:34:45Z</datestamp><setSpec>uge_bcen_RapidILL_BOOK</setSpec><setSpec>uge_aaca_RapidILL_BOOK</setSpec><setSpec>uge_abels_RapidILL_BOOK</setSpec><setSpec>uge_dbu_RapidILL_BOOK</setSpec><setSpec>uge_cmu_RapidILL_BOOK</setSpec><setSpec>uge_mail_RapidILL_BOOK</setSpec><setSpec>uge_abbat_RapidILL_BOOK</setSpec><setSpec>UNIGE_ALL</setSpec><setSpec>uge_acar_RapidILL_BOOK</setSpec><setSpec>uge_aobs_RapidILL_BOOK</setSpec></header><metadata>
<record xmlns="http://www.loc.gov/MARC21/slim" xmlns:xsi="http://www.w3.org/2001/XMLSchema-instance" xsi:schemaLocation="http://www.loc.gov/MARC21/slim http://www.loc.gov/standards/marcxml/schema/MARC21slim.xsd"><leader>01469nam a2200421 c 4500</leader><controlfield tag="001">991000050409705502</controlfield><controlfield tag="005">20230407201626.0</controlfield><controlfield tag="008">201011s2015    gw ||||| |||| 00| ||eng d</controlfield><datafield ind1=" " ind2=" " tag="020"><subfield code="a">3885382350</subfield><subfield code="q">pbk.</subfield></datafield><datafield ind1=" " ind2=" " tag="020"><subfield code="a">9783885382355</subfield><subfield code="q">pbk.</subfield></datafield><datafield ind1="3" ind2=" " tag="024"><subfield code="a">9783885382355</subfield></datafield><datafield ind1=" " ind2=" " tag="035"><subfield code="a">(swissbib)211967416-41slsp_network</subfield></datafield><datafield ind1=" " ind2=" " tag="035"><subfield code="a">211967416</subfield><subfield code="9">ExL</subfield></datafield><datafield ind1=" " ind2=" " tag="035"><subfield code="a">(RERO)R008460002-41slsp</subfield></datafield><datafield ind1=" " ind2=" " tag="035"><subfield code="a">(NEBIS)010659896EBI01</subfield></datafield><datafield ind1=" " ind2=" " tag="035"><subfield code="a">(OCoLC)946814519</subfield></datafield><datafield ind1=" " ind2=" " tag="035"><subfield code="a">(EXLNZ-41SLSP_NETWORK)991142241949705501</subfield></datafield><datafield ind1=" " ind2=" " tag="040"><subfield code="a">OHX</subfield><subfield code="b">eng</subfield><subfield code="d">CH-ZuSLS</subfield></datafield><datafield ind1=" " ind2="7" tag="072"><subfield code="a">ma</subfield><subfield code="2">rero</subfield></datafield><datafield ind1=" " ind2=" " tag="084"><subfield code="a">02</subfield><subfield code="2">msc</subfield></datafield><datafield ind1="1" ind2=" " tag="100"><subfield code="a">Chajda, Ivan</subfield><subfield code="d">1946-</subfield><subfield code="0">(DE-588)121213498</subfield><subfield code="e">auteur</subfield><subfield code="4">aut</subfield><subfield code="6">880-01</subfield></datafield><datafield ind1="1" ind2=" " tag="880"><subfield code="6">100-01</subfield><subfield code="a">Chajda, Ivan</subfield><subfield code="0">(IDREF)09040081X</subfield><subfield code="4">cre</subfield></datafield><datafield ind1="1" ind2="0" tag="245"><subfield code="a">Algebraic approach to tense operators</subfield><subfield code="c">Ivan Chajda, Jan Paseka</subfield></datafield><datafield ind1=" " ind2="1" tag="264"><subfield code="a">Lemgo</subfield><subfield code="b">Heldermann Verlag</subfield><subfield code="c">[2015]</subfield></datafield><datafield ind1=" " ind2=" " tag="300"><subfield code="a">204 pages</subfield><subfield code="b">ill.</subfield><subfield code="c">25 cm</subfield></datafield><datafield ind1=" " ind2=" " tag="336"><subfield code="b">txt</subfield><subfield code="2">rdacontent</subfield></datafield><datafield ind1=" " ind2=" " tag="337"><subfield code="b">n</subfield><subfield code="2">rdamedia</subfield></datafield><datafield ind1=" " ind2=" " tag="338"><subfield code="b">nc</subfield><subfield code="2">rdacarrier</subfield></datafield><datafield ind1="1" ind2=" " tag="490"><subfield code="a">Research and exposition in mathematics</subfield><subfield code="v">35</subfield></datafield><datafield ind1=" " ind2=" " tag="504"><subfield code="a">Includes bibliographical references (p. [195]-204) and index</subfield></datafield><datafield ind1=" " ind2="7" tag="650"><subfield code="a">Algèbre</subfield><subfield code="0">(IDREF)027218740</subfield><subfield code="2">idref</subfield></datafield><datafield ind1=" " ind2="7" tag="650"><subfield code="a">Logique temporelle</subfield><subfield code="0">(IDREF)027412091</subfield><subfield code="2">idref</subfield></datafield><datafield ind1=" " ind2="0" tag="650"><subfield code="a">Algebra</subfield></datafield><datafield ind1=" " ind2="0" tag="650"><subfield code="a">Tense (Logic)</subfield></datafield><datafield ind1="1" ind2=" " tag="700"><subfield code="a">Paseka, Jan</subfield><subfield code="e">auteur</subfield><subfield code="4">aut</subfield><subfield code="6">880-02</subfield></datafield><datafield ind1="1" ind2=" " tag="880"><subfield code="6">700-02</subfield><subfield code="a">Paseka, Jan</subfield><subfield code="0">(IDREF)195972341</subfield></datafield><datafield ind1=" " ind2="0" tag="830"><subfield code="a">Research and exposition in mathematics</subfield><subfield code="v">35</subfield><subfield code="w">(RERO)0701991-41slsp</subfield></datafield><datafield ind1=" " ind2=" " tag="900"><subfield code="a">REROnoselfmerge</subfield></datafield><datafield ind1=" " ind2=" " tag="910"><subfield code="a">OCoLC</subfield><subfield code="b">20160630</subfield><subfield code="c">Droits réservés</subfield></datafield></record>
</metadata></record>