<record><header><identifier>oai:alma.41SLSP_UGE:991000051139705502</identifier><datestamp>2023-04-08T00:18:38Z</datestamp><setSpec>uge_bcen_RapidILL_BOOK</setSpec><setSpec>uge_aaca_RapidILL_BOOK</setSpec><setSpec>uge_abels_RapidILL_BOOK</setSpec><setSpec>uge_dbu_RapidILL_BOOK</setSpec><setSpec>uge_cmu_RapidILL_BOOK</setSpec><setSpec>uge_mail_RapidILL_BOOK</setSpec><setSpec>uge_abbat_RapidILL_BOOK</setSpec><setSpec>UNIGE_ALL</setSpec><setSpec>uge_aobs_RapidILL_BOOK</setSpec><setSpec>uge_acar_RapidILL_BOOK</setSpec></header><metadata>
<record xmlns="http://www.loc.gov/MARC21/slim" xmlns:xsi="http://www.w3.org/2001/XMLSchema-instance" xsi:schemaLocation="http://www.loc.gov/MARC21/slim http://www.loc.gov/standards/marcxml/schema/MARC21slim.xsd"><leader>02919nam a2200625 c 4500</leader><controlfield tag="001">991000051139705502</controlfield><controlfield tag="005">20230407061333.0</controlfield><controlfield tag="008">201012s1995    xxk||||| |||| 00| ||eng d</controlfield><datafield ind1=" " ind2=" " tag="010"><subfield code="a">94034827</subfield></datafield><datafield ind1=" " ind2=" " tag="020"><subfield code="a">0521430119</subfield><subfield code="q">hbk</subfield></datafield><datafield ind1=" " ind2=" " tag="020"><subfield code="a">9780521430111</subfield><subfield code="q">hbk.</subfield></datafield><datafield ind1=" " ind2=" " tag="020"><subfield code="a">9780521061438</subfield><subfield code="q">pbk.</subfield></datafield><datafield ind1=" " ind2=" " tag="020"><subfield code="a">9780511662850</subfield><subfield code="q">eBook</subfield></datafield><datafield ind1=" " ind2=" " tag="035"><subfield code="a">(swissbib)237284650-41slsp_network</subfield></datafield><datafield ind1=" " ind2=" " tag="035"><subfield code="a">237284650</subfield><subfield code="9">ExL</subfield></datafield><datafield ind1=" " ind2=" " tag="035"><subfield code="a">(RERO)2151937-41slsp</subfield></datafield><datafield ind1=" " ind2=" " tag="035"><subfield code="a">(IDSBB)001182131DSV01</subfield></datafield><datafield ind1=" " ind2=" " tag="035"><subfield code="a">(NEBIS)001496231EBI01</subfield></datafield><datafield ind1=" " ind2=" " tag="035"><subfield code="a">(EXLNZ-41SLSP_NETWORK)991018892049705501</subfield></datafield><datafield ind1=" " ind2=" " tag="040"><subfield code="a">RERO geussm</subfield><subfield code="d">CH-ZuSLS</subfield></datafield><datafield ind1=" " ind2="7" tag="072"><subfield code="a">ma</subfield><subfield code="2">rero</subfield></datafield><datafield ind1=" " ind2="7" tag="072"><subfield code="a">mt</subfield><subfield code="2">SzZuIDS BS/BE</subfield></datafield><datafield ind1="1" ind2="4" tag="082"><subfield code="a">510</subfield><subfield code="2">15</subfield></datafield><datafield ind1=" " ind2=" " tag="084"><subfield code="a">35</subfield><subfield code="2">msc</subfield></datafield><datafield ind1=" " ind2=" " tag="084"><subfield code="a">SK 560</subfield><subfield code="2">rvk</subfield></datafield><datafield ind1="1" ind2=" " tag="100"><subfield code="a">Wloka, Joseph</subfield><subfield code="d">1929-</subfield><subfield code="0">(DE-588)136730108</subfield><subfield code="6">880-01</subfield></datafield><datafield ind1="1" ind2=" " tag="880"><subfield code="6">100-01</subfield><subfield code="a">Wloka, Joseph</subfield><subfield code="d">1929-....</subfield><subfield code="0">(IDREF)058560564</subfield><subfield code="4">cre</subfield></datafield><datafield ind1="1" ind2="0" tag="245"><subfield code="a">Boundary value problems for elliptic systems</subfield><subfield code="c">J.T. Wloka, B. Rowley, B. Lawruk</subfield></datafield><datafield ind1=" " ind2="1" tag="264"><subfield code="a">Cambridge</subfield><subfield code="a">New York</subfield><subfield code="b">Cambridge University Press</subfield><subfield code="c">1995</subfield></datafield><datafield ind1=" " ind2=" " tag="300"><subfield code="a">XIV, 641 p.</subfield><subfield code="c">24 cm</subfield></datafield><datafield ind1=" " ind2=" " tag="336"><subfield code="b">txt</subfield><subfield code="2">rdacontent</subfield></datafield><datafield ind1=" " ind2=" " tag="337"><subfield code="b">n</subfield><subfield code="2">rdamedia</subfield></datafield><datafield ind1=" " ind2=" " tag="338"><subfield code="b">nc</subfield><subfield code="2">rdacarrier</subfield></datafield><datafield ind1=" " ind2="7" tag="650"><subfield code="a">Dirac-Operator</subfield><subfield code="2">idsbb</subfield></datafield><datafield ind1=" " ind2="7" tag="650"><subfield code="a">Elliptische Differentialgleichung</subfield><subfield code="x">Randwertproblem</subfield><subfield code="2">idsbb</subfield></datafield><datafield ind1=" " ind2="7" tag="650"><subfield code="a">Randwertproblem</subfield><subfield code="x">Elliptische Differentialgleichung</subfield><subfield code="2">idsbb</subfield></datafield><datafield ind1=" " ind2="7" tag="650"><subfield code="a">ELLIPTISCHE OPERATOREN AUF MANNIGFALTIGKEITEN (TOPOLOGIE)</subfield><subfield code="9">ger</subfield><subfield code="0">(ETHUDK)000013115</subfield><subfield code="2">ethudk</subfield></datafield><datafield ind1=" " ind2="7" tag="650"><subfield code="a">FREDHOLMOPERATOREN (FUNKTIONALANALYSIS)</subfield><subfield code="9">ger</subfield><subfield code="0">(ETHUDK)000013470</subfield><subfield code="2">ethudk</subfield></datafield><datafield ind1=" " ind2="7" tag="650"><subfield code="a">INDEXTHEOREM (TOPOLOGIE DER MANNIGFALTIGKEITEN)</subfield><subfield code="9">ger</subfield><subfield code="0">(ETHUDK)000047411</subfield><subfield code="2">ethudk</subfield></datafield><datafield ind1=" " ind2="7" tag="650"><subfield code="a">MATRIZEN UND LINEARE ABBILDUNGEN (ALGEBRA)</subfield><subfield code="9">ger</subfield><subfield code="0">(ETHUDK)000012771</subfield><subfield code="2">ethudk</subfield></datafield><datafield ind1=" " ind2="7" tag="650"><subfield code="a">PSEUDODIFFERENTIALOPERATOREN (TOPOLOGIE DER MANNIGFALTIGKEITEN)</subfield><subfield code="9">ger</subfield><subfield code="0">(ETHUDK)000013112</subfield><subfield code="2">ethudk</subfield></datafield><datafield ind1=" " ind2="7" tag="650"><subfield code="a">RANDWERTPROBLEME BEI ELLIPTISCHEN DIFFERENTIALGLEICHUNGEN (ANALYSIS)</subfield><subfield code="9">ger</subfield><subfield code="0">(ETHUDK)000013369</subfield><subfield code="2">ethudk</subfield></datafield><datafield ind1=" " ind2="7" tag="650"><subfield code="a">SOBOLEV-RÄUME (FUNKTIONALANALYSIS)</subfield><subfield code="9">ger</subfield><subfield code="0">(ETHUDK)000013117</subfield><subfield code="2">ethudk</subfield></datafield><datafield ind1=" " ind2="7" tag="650"><subfield code="a">VEKTORBÜNDEL (DIFFERENTIALGEOMETRIE)</subfield><subfield code="9">ger</subfield><subfield code="0">(ETHUDK)000012965</subfield><subfield code="2">ethudk</subfield></datafield><datafield ind1=" " ind2=" " tag="690"><subfield code="a">47G30</subfield><subfield code="d">Pseudodifferential operators [See also 35Sxx, 58G15]</subfield><subfield code="2">uzb-UT</subfield></datafield><datafield ind1=" " ind2=" " tag="690"><subfield code="a">35J55</subfield><subfield code="d">Boundary value problems for elliptic systems</subfield><subfield code="2">uzb-UT</subfield></datafield><datafield ind1=" " ind2=" " tag="690"><subfield code="a">35S15</subfield><subfield code="d">Boundary value problems for PsDO</subfield><subfield code="2">uzb-UT</subfield></datafield><datafield ind1=" " ind2=" " tag="690"><subfield code="a">58G05</subfield><subfield code="d">Differential complexes [See also 35Nxx]; elliptic complexes</subfield><subfield code="2">uzb-UT</subfield></datafield><datafield ind1=" " ind2=" " tag="690"><subfield code="a">35-02</subfield><subfield code="d">Research expositions (monographs, survey articles)</subfield><subfield code="2">uzb-UT</subfield></datafield><datafield ind1=" " ind2=" " tag="690"><subfield code="a">47F05</subfield><subfield code="d">Partial differential operators [See also 35Pxx, 58Gxx]</subfield><subfield code="2">uzb-UT</subfield></datafield><datafield ind1=" " ind2=" " tag="690"><subfield code="a">58-02</subfield><subfield code="d">Research expositions (monographs, survey articles)</subfield><subfield code="2">uzb-UT</subfield></datafield><datafield ind1="1" ind2=" " tag="700"><subfield code="a">Wloka, Joseph T.</subfield></datafield><datafield ind1="1" ind2=" " tag="700"><subfield code="a">Rowley, B</subfield><subfield code="0">(RERO)A003767142</subfield></datafield><datafield ind1="1" ind2=" " tag="700"><subfield code="a">Lawruk, B</subfield><subfield code="0">(RERO)A003501908</subfield></datafield><datafield ind1="4" ind2=" " tag="856"><subfield code="3">Inhaltsverzeichnis</subfield><subfield code="u">http://www.ub.unibas.ch/tox/HBZ/HT006576592/PDF</subfield><subfield code="q">pdf</subfield></datafield><datafield ind1=" " ind2=" " tag="949"><subfield code="a">http://www.ub.unibas.ch/tox/HBZ/HT006576592/PDF</subfield></datafield></record>
</metadata></record>