<record><header><identifier>oai:alma.41SLSP_UGE:991000050519705502</identifier><datestamp>2023-05-23T00:14:05Z</datestamp><setSpec>uge_bcen_RapidILL_BOOK</setSpec><setSpec>uge_aaca_RapidILL_BOOK</setSpec><setSpec>uge_abels_RapidILL_BOOK</setSpec><setSpec>uge_dbu_RapidILL_BOOK</setSpec><setSpec>uge_cmu_RapidILL_BOOK</setSpec><setSpec>uge_mail_RapidILL_BOOK</setSpec><setSpec>uge_abbat_RapidILL_BOOK</setSpec><setSpec>UNIGE_ALL</setSpec><setSpec>uge_acar_RapidILL_BOOK</setSpec><setSpec>uge_aobs_RapidILL_BOOK</setSpec></header><metadata>
<record xmlns="http://www.loc.gov/MARC21/slim" xmlns:xsi="http://www.w3.org/2001/XMLSchema-instance" xsi:schemaLocation="http://www.loc.gov/MARC21/slim http://www.loc.gov/standards/marcxml/schema/MARC21slim.xsd"><leader>01267nam a2200301 c 4500</leader><controlfield tag="001">991000050519705502</controlfield><controlfield tag="005">20230516183301.0</controlfield><controlfield tag="008">961221m19661967fr ||||| |||| 00| ||fre d</controlfield><datafield ind1=" " ind2=" " tag="035"><subfield code="a">(swissbib)077103270-41slsp_network</subfield></datafield><datafield ind1=" " ind2=" " tag="035"><subfield code="a">077103270</subfield><subfield code="9">ExL</subfield></datafield><datafield ind1=" " ind2=" " tag="035"><subfield code="a">(RERO)0116092-41slsp</subfield></datafield><datafield ind1=" " ind2=" " tag="035"><subfield code="a">(EXLNZ-41SLSP_NETWORK)991002856029705501</subfield></datafield><datafield ind1=" " ind2=" " tag="040"><subfield code="a">RERO</subfield><subfield code="d">CH-ZuSLS</subfield></datafield><datafield ind1=" " ind2="7" tag="072"><subfield code="a">ha</subfield><subfield code="2">rero</subfield></datafield><datafield ind1="1" ind2=" " tag="080"><subfield code="a">938.08</subfield></datafield><datafield ind1="1" ind2=" " tag="100"><subfield code="a">Will, Edouard</subfield><subfield code="0">(RERO)A003976187</subfield><subfield code="4">cre</subfield></datafield><datafield ind1="1" ind2="0" tag="245"><subfield code="a">Histoire politique du monde hellénistique</subfield><subfield code="b">323-30 av. J.-C.</subfield><subfield code="c">par Edouard Will</subfield></datafield><datafield ind1=" " ind2="1" tag="264"><subfield code="a">Nancy</subfield><subfield code="b">[éditeur non identifié]</subfield><subfield code="c">1966-1967</subfield></datafield><datafield ind1=" " ind2=" " tag="300"><subfield code="a">2 vol.</subfield><subfield code="b">fig.</subfield><subfield code="c">24 cm</subfield></datafield><datafield ind1=" " ind2=" " tag="336"><subfield code="b">txt</subfield><subfield code="2">rdacontent</subfield></datafield><datafield ind1=" " ind2=" " tag="337"><subfield code="b">n</subfield><subfield code="2">rdamedia</subfield></datafield><datafield ind1=" " ind2=" " tag="338"><subfield code="b">nc</subfield><subfield code="2">rdacarrier</subfield></datafield><datafield ind1="1" ind2=" " tag="490"><subfield code="a">Annales de l'Est. Mémoire</subfield><subfield code="v">no 30</subfield><subfield code="v">no 32</subfield></datafield><datafield ind1="0" ind2="0" tag="505"><subfield code="g">T. 1:</subfield><subfield code="t">De la mort d'Alexandre aux avènements d'Antiochos III et de Philippe V. - 1966. - 369 p</subfield></datafield><datafield ind1="0" ind2="0" tag="505"><subfield code="g">T. 2:</subfield><subfield code="t">Des avènements d'Antiochos III et de Philippe V à la fin des Lagides. - 1967. - 564 p</subfield></datafield><datafield ind1=" " ind2="7" tag="650"><subfield code="a">monde hellénistique</subfield><subfield code="0">(RERO)A009994826</subfield><subfield code="2">rerovoc</subfield></datafield><datafield ind1=" " ind2="7" tag="651"><subfield code="a">Grèce</subfield><subfield code="y">Jusqu'à 395</subfield><subfield code="0">(IDREF)027355802</subfield><subfield code="2">idref</subfield></datafield><datafield ind1=" " ind2="7" tag="651"><subfield code="a">Grèce</subfield><subfield code="y">323-146 av. J.-C. (Époque hellénistique)</subfield><subfield code="0">(IDREF)027433706</subfield><subfield code="2">idref</subfield></datafield><datafield ind1=" " ind2="0" tag="830"><subfield code="a">Annales de l'Est</subfield><subfield code="p">Mémoire</subfield><subfield code="v">30,32</subfield><subfield code="w">(RERO)1259470-41slsp</subfield></datafield></record>
</metadata></record>