<record><header><identifier>oai:alma.41SLSP_UGE:991000044779705502</identifier><datestamp>2023-04-19T00:09:50Z</datestamp><setSpec>uge_bcen_RapidILL_BOOK</setSpec><setSpec>uge_aaca_RapidILL_BOOK</setSpec><setSpec>uge_abels_RapidILL_BOOK</setSpec><setSpec>uge_dbu_RapidILL_BOOK</setSpec><setSpec>uge_cmu_RapidILL_BOOK</setSpec><setSpec>uge_mail_RapidILL_BOOK</setSpec><setSpec>uge_abbat_RapidILL_BOOK</setSpec><setSpec>UNIGE_ALL</setSpec><setSpec>uge_aobs_RapidILL_BOOK</setSpec><setSpec>uge_acar_RapidILL_BOOK</setSpec></header><metadata>
<record xmlns="http://www.loc.gov/MARC21/slim" xmlns:xsi="http://www.w3.org/2001/XMLSchema-instance" xsi:schemaLocation="http://www.loc.gov/MARC21/slim http://www.loc.gov/standards/marcxml/schema/MARC21slim.xsd"><leader>01354nam a2200361 c 4500</leader><controlfield tag="001">991000044779705502</controlfield><controlfield tag="005">20230418203512.0</controlfield><controlfield tag="008">110616s2011    fr ||||| |||| 10| ||fre d</controlfield><datafield ind1=" " ind2=" " tag="020"><subfield code="a">9782844854117</subfield></datafield><datafield ind1="7" ind2=" " tag="024"><subfield code="a">http://catalogue.bnf.fr/ark:/12148/cb42469712s</subfield><subfield code="2">uri</subfield></datafield><datafield ind1=" " ind2=" " tag="035"><subfield code="a">(swissbib)113838506-41slsp_network</subfield></datafield><datafield ind1=" " ind2=" " tag="035"><subfield code="a">113838506</subfield><subfield code="9">ExL</subfield></datafield><datafield ind1=" " ind2=" " tag="035"><subfield code="a">(RERO)R006077238-41slsp</subfield></datafield><datafield ind1=" " ind2=" " tag="035"><subfield code="a">(EXLNZ-41SLSP_NETWORK)991046085099705501</subfield></datafield><datafield ind1=" " ind2=" " tag="040"><subfield code="a">RERO geulph</subfield><subfield code="d">CH-ZuSLS</subfield></datafield><datafield ind1="1" ind2=" " tag="041"><subfield code="a">fre</subfield><subfield code="h">eng</subfield></datafield><datafield ind1=" " ind2="7" tag="072"><subfield code="a">se</subfield><subfield code="2">rero</subfield></datafield><datafield ind1=" " ind2="7" tag="072"><subfield code="a">ph</subfield><subfield code="2">rero</subfield></datafield><datafield ind1="1" ind2=" " tag="100"><subfield code="a">Ricardo, David</subfield><subfield code="0">(RERO)A003742672</subfield><subfield code="4">cre</subfield></datafield><datafield ind1="1" ind2="0" tag="245"><subfield code="a">Valeur absolue et valeur d'échange</subfield><subfield code="c">David Ricardo ; trad. de l'anglais et précédé d'une introd. par David Zapero Maier</subfield></datafield><datafield ind1=" " ind2="1" tag="264"><subfield code="a">Paris</subfield><subfield code="b">Allia</subfield><subfield code="c">2011</subfield></datafield><datafield ind1=" " ind2=" " tag="300"><subfield code="a">92 p.</subfield></datafield><datafield ind1=" " ind2=" " tag="336"><subfield code="b">txt</subfield><subfield code="2">rdacontent</subfield></datafield><datafield ind1=" " ind2=" " tag="337"><subfield code="b">n</subfield><subfield code="2">rdamedia</subfield></datafield><datafield ind1=" " ind2=" " tag="338"><subfield code="b">nc</subfield><subfield code="2">rdacarrier</subfield></datafield><datafield ind1=" " ind2=" " tag="500"><subfield code="a">Trad. de : Absolute value and exchangeable value</subfield></datafield><datafield ind1=" " ind2="7" tag="650"><subfield code="a">valeur (philosophie) - théorie</subfield><subfield code="0">(RERO)A010162705</subfield><subfield code="2">rerovoc</subfield></datafield><datafield ind1=" " ind2="7" tag="650"><subfield code="a">valeur d'usage</subfield><subfield code="0">(RERO)A010162716</subfield><subfield code="2">rerovoc</subfield></datafield><datafield ind1=" " ind2="7" tag="650"><subfield code="a">Économie politique</subfield><subfield code="0">(IDREF)027790479</subfield><subfield code="2">idref</subfield></datafield><datafield ind1=" " ind2="7" tag="650"><subfield code="a">Philosophie sociale</subfield><subfield code="0">(IDREF)027553213</subfield><subfield code="2">idref</subfield></datafield><datafield ind1=" " ind2="7" tag="650"><subfield code="a">Valeur</subfield><subfield code="0">(IDREF)027482006</subfield><subfield code="2">idref</subfield></datafield><datafield ind1=" " ind2="7" tag="650"><subfield code="a">Valeurs (philosophie)</subfield><subfield code="0">(IDREF)027284611</subfield><subfield code="2">idref</subfield></datafield><datafield ind1=" " ind2="7" tag="650"><subfield code="a">Valeur-travail, Théorie de la</subfield><subfield code="0">(IDREF)031945147</subfield><subfield code="2">idref</subfield></datafield><datafield ind1=" " ind2=" " tag="900"><subfield code="a">REROnoselfmerge</subfield></datafield></record>
</metadata></record>