<record><header><identifier>oai:alma.41SLSP_UGE:991000050819705502</identifier><datestamp>2023-03-01T01:09:23Z</datestamp><setSpec>uge_cmu_RapidILL_JOURNAL</setSpec><setSpec>uge_aobs_RapidILL_JOURNAL</setSpec><setSpec>uge_aaca_RapidILL_JOURNAL</setSpec><setSpec>uge_bcen_RapidILL_JOURNAL</setSpec><setSpec>uge_abbat_RapidILL_JOURNAL</setSpec><setSpec>uge_mail_RapidILL_JOURNAL</setSpec><setSpec>uge_dbu_RapidILL_JOURNAL</setSpec><setSpec>UNIGE_ALL</setSpec><setSpec>uge_abels_RapidILL_JOURNAL</setSpec><setSpec>uge_acar_RapidILL_JOURNAL</setSpec></header><metadata>
<record xmlns="http://www.loc.gov/MARC21/slim" xmlns:xsi="http://www.w3.org/2001/XMLSchema-instance" xsi:schemaLocation="http://www.loc.gov/MARC21/slim http://www.loc.gov/standards/marcxml/schema/MARC21slim.xsd"><leader>01083nas a2200277 c 4500</leader><controlfield tag="001">991000050819705502</controlfield><controlfield tag="005">20201225181618.0</controlfield><controlfield tag="008">870609d19531986gw || p|  ||| 0    0ger d</controlfield><datafield ind1=" " ind2=" " tag="022"><subfield code="a">0015-038X</subfield></datafield><datafield ind1=" " ind2=" " tag="035"><subfield code="a">(swissbib)081816014-41slsp_network</subfield></datafield><datafield ind1=" " ind2=" " tag="035"><subfield code="a">081816014</subfield><subfield code="9">ExL</subfield></datafield><datafield ind1=" " ind2=" " tag="035"><subfield code="a">(RERO)0850503-41slsp</subfield></datafield><datafield ind1=" " ind2=" " tag="035"><subfield code="a">(EXLNZ-41SLSP_NETWORK)991008775279705501</subfield></datafield><datafield ind1=" " ind2=" " tag="040"><subfield code="a">RERO geussc</subfield><subfield code="d">CH-ZuSLS</subfield></datafield><datafield ind1=" " ind2="7" tag="072"><subfield code="a">ch</subfield><subfield code="2">rero</subfield></datafield><datafield ind1="1" ind2="0" tag="210"><subfield code="a">Fette, Seifen, Anstrichm.</subfield></datafield><datafield ind1="0" ind2="0" tag="245"><subfield code="a">Fette, Seifen, Anstrichmittel</subfield><subfield code="b">Organ der Deutschen Gesellschaft für Fettwissenschaft verbunden mit der Zeitschrift 'Die Ernährungsindustrie'</subfield></datafield><datafield ind1=" " ind2="1" tag="264"><subfield code="a">Hamburg</subfield><subfield code="b">Industrieverlag von Hernhaussen K.-G.</subfield><subfield code="c">1953-1986</subfield></datafield><datafield ind1=" " ind2=" " tag="300"><subfield code="c">30 cm</subfield></datafield><datafield ind1=" " ind2=" " tag="336"><subfield code="b">txt</subfield><subfield code="2">rdacontent</subfield></datafield><datafield ind1=" " ind2=" " tag="337"><subfield code="b">n</subfield><subfield code="2">rdamedia</subfield></datafield><datafield ind1=" " ind2=" " tag="338"><subfield code="b">nc</subfield><subfield code="2">rdacarrier</subfield></datafield><datafield ind1="0" ind2=" " tag="362"><subfield code="a">55(1953)-88(1986)</subfield></datafield><datafield ind1=" " ind2=" " tag="580"><subfield code="a">Fait suite à : Fette und Seifen einschliesslich der Anstrichmittel. Devient : Fett</subfield></datafield><datafield ind1="0" ind2="0" tag="785"><subfield code="t">Fett</subfield></datafield><datafield ind1="0" ind2="0" tag="780"><subfield code="t">Fette und Seifen : einschliesslich der Anstrichmittel : Organ der Deutschen Gesellschaft für Fettwissenschaft</subfield><subfield code="w">(RERO)0850512-41slsp</subfield></datafield><datafield ind1=" " ind2=" " tag="900"><subfield code="a">REROnoselfmerge</subfield></datafield></record>
</metadata></record>