<record><header><identifier>oai:alma.41SLSP_UGE:991000050299705502</identifier><datestamp>2023-03-01T01:09:23Z</datestamp><setSpec>uge_bcen_RapidILL_BOOK</setSpec><setSpec>uge_aaca_RapidILL_BOOK</setSpec><setSpec>uge_abels_RapidILL_BOOK</setSpec><setSpec>uge_dbu_RapidILL_BOOK</setSpec><setSpec>uge_cmu_RapidILL_BOOK</setSpec><setSpec>uge_mail_RapidILL_BOOK</setSpec><setSpec>UNIGE_ALL</setSpec><setSpec>uge_abbat_RapidILL_BOOK</setSpec><setSpec>uge_acar_RapidILL_BOOK</setSpec><setSpec>uge_aobs_RapidILL_BOOK</setSpec></header><metadata>
<record xmlns="http://www.loc.gov/MARC21/slim" xmlns:xsi="http://www.w3.org/2001/XMLSchema-instance" xsi:schemaLocation="http://www.loc.gov/MARC21/slim http://www.loc.gov/standards/marcxml/schema/MARC21slim.xsd"><leader>01455nam a2200337 c 4500</leader><controlfield tag="001">991000050299705502</controlfield><controlfield tag="005">20230220194640.0</controlfield><controlfield tag="008">200323s2020    fr ||||| |||| 00| ||fre d</controlfield><datafield ind1=" " ind2=" " tag="020"><subfield code="a">9782251006352</subfield></datafield><datafield ind1=" " ind2=" " tag="035"><subfield code="a">(swissbib)126393621-41slsp_network</subfield></datafield><datafield ind1=" " ind2=" " tag="035"><subfield code="a">126393621</subfield><subfield code="9">ExL</subfield></datafield><datafield ind1=" " ind2=" " tag="035"><subfield code="a">(RERO)R009027734-41slsp</subfield></datafield><datafield ind1=" " ind2=" " tag="035"><subfield code="a">(EXLNZ-41SLSP_NETWORK)991111603589705501</subfield></datafield><datafield ind1=" " ind2=" " tag="040"><subfield code="a">RERO gefoha</subfield><subfield code="d">CH-ZuSLS</subfield></datafield><datafield ind1="1" ind2=" " tag="041"><subfield code="a">fre</subfield><subfield code="a">grc</subfield><subfield code="h">grc</subfield></datafield><datafield ind1=" " ind2="7" tag="072"><subfield code="a">gr</subfield><subfield code="2">rero</subfield></datafield><datafield ind1="1" ind2=" " tag="080"><subfield code="a">875APPIA1</subfield></datafield><datafield ind1="0" ind2=" " tag="100"><subfield code="a">Appien</subfield><subfield code="d">0095?-0160?</subfield><subfield code="0">(IDREF)028190521</subfield><subfield code="4">aut</subfield></datafield><datafield ind1="1" ind2="0" tag="245"><subfield code="a">Histoire romaine</subfield><subfield code="n">T.1</subfield><subfield code="p">La destinée d'Appien pendant le Haut Moyen âge et la tradition indirecte, la préface de l'histoire romaine et les fragments des livres I-V</subfield><subfield code="c">Appien ; texte établi et traduit par Paul Goukowsky</subfield></datafield><datafield ind1=" " ind2="1" tag="264"><subfield code="a">Paris</subfield><subfield code="b">Les Belles Lettres</subfield><subfield code="c">2020</subfield></datafield><datafield ind1=" " ind2=" " tag="300"><subfield code="a">373 p. dont p. 176-186; 212-218; 232-239; 256-274; 310-323 avec pagination double</subfield><subfield code="c">20 cm</subfield></datafield><datafield ind1=" " ind2=" " tag="336"><subfield code="b">txt</subfield><subfield code="2">rdacontent</subfield></datafield><datafield ind1=" " ind2=" " tag="337"><subfield code="b">n</subfield><subfield code="2">rdamedia</subfield></datafield><datafield ind1=" " ind2=" " tag="338"><subfield code="b">nc</subfield><subfield code="2">rdacarrier</subfield></datafield><datafield ind1="1" ind2=" " tag="490"><subfield code="a">Collection des universités de France. Série grecque</subfield><subfield code="v">549</subfield></datafield><datafield ind1=" " ind2=" " tag="500"><subfield code="a">Texte grec avec traduction française en regard</subfield></datafield><datafield ind1="0" ind2="7" tag="600"><subfield code="a">Appien</subfield><subfield code="d">0095?-0160?</subfield><subfield code="t">Histoire romaine</subfield><subfield code="0">(IDREF)029717124</subfield><subfield code="2">idref</subfield></datafield><datafield ind1=" " ind2="7" tag="655"><subfield code="a">Commentaire de texte</subfield><subfield code="0">(IDREF)027790681</subfield><subfield code="2">idref</subfield></datafield><datafield ind1="1" ind2=" " tag="700"><subfield code="a">Goukowsky, Paul</subfield><subfield code="d">1938-....</subfield><subfield code="0">(IDREF)02689839X</subfield><subfield code="4">edt</subfield></datafield><datafield ind1="0" ind2=" " tag="800"><subfield code="a">Appianus</subfield><subfield code="t">Histoire romaine</subfield><subfield code="v">1</subfield></datafield><datafield ind1=" " ind2=" " tag="830"><subfield code="a">Collection des universités de France</subfield><subfield code="v">549</subfield><subfield code="w">(RERO)0009417-41slsp</subfield></datafield><datafield ind1=" " ind2=" " tag="900"><subfield code="a">REROnoselfmerge</subfield></datafield></record>
</metadata></record>