<record><header><identifier>oai:alma.41SLSP_UGE:991000044569705502</identifier><datestamp>2023-03-01T01:09:23Z</datestamp><setSpec>uge_bcen_RapidILL_BOOK</setSpec><setSpec>uge_aaca_RapidILL_BOOK</setSpec><setSpec>uge_abels_RapidILL_BOOK</setSpec><setSpec>uge_dbu_RapidILL_BOOK</setSpec><setSpec>uge_cmu_RapidILL_BOOK</setSpec><setSpec>uge_mail_RapidILL_BOOK</setSpec><setSpec>UNIGE_ALL</setSpec><setSpec>uge_abbat_RapidILL_BOOK</setSpec><setSpec>uge_aobs_RapidILL_BOOK</setSpec><setSpec>uge_acar_RapidILL_BOOK</setSpec></header><metadata>
<record xmlns="http://www.loc.gov/MARC21/slim" xmlns:xsi="http://www.w3.org/2001/XMLSchema-instance" xsi:schemaLocation="http://www.loc.gov/MARC21/slim http://www.loc.gov/standards/marcxml/schema/MARC21slim.xsd"><leader>01104nam a2200277 c 4500</leader><controlfield tag="001">991000044569705502</controlfield><controlfield tag="005">20210206201924.0</controlfield><controlfield tag="008">140128s1935    sp ||||| |||| 00| ||spa d</controlfield><datafield ind1=" " ind2=" " tag="035"><subfield code="a">(swissbib)118986120-41slsp_network</subfield></datafield><datafield ind1=" " ind2=" " tag="035"><subfield code="a">118986120</subfield><subfield code="9">ExL</subfield></datafield><datafield ind1=" " ind2=" " tag="035"><subfield code="a">(RERO)R007617213-41slsp</subfield></datafield><datafield ind1=" " ind2=" " tag="035"><subfield code="a">(EXLNZ-41SLSP_NETWORK)991002327919705501</subfield></datafield><datafield ind1=" " ind2=" " tag="040"><subfield code="a">RERO geussa</subfield><subfield code="d">CH-ZuSLS</subfield></datafield><datafield ind1=" " ind2="7" tag="072"><subfield code="a">ar</subfield><subfield code="2">rero</subfield></datafield><datafield ind1="1" ind2=" " tag="100"><subfield code="a">Porcar, Juan B.</subfield><subfield code="0">(IDREF)112858511</subfield><subfield code="4">cre</subfield></datafield><datafield ind1="1" ind2="0" tag="245"><subfield code="a">Excavaciones en la cueva Remigia (Castellón)</subfield><subfield code="c">red. por Juan B. Porcar, Hugo Obermaier y Enrique Breuil</subfield></datafield><datafield ind1=" " ind2="1" tag="264"><subfield code="a">Madrid</subfield><subfield code="b">[éditeur non identifié]</subfield><subfield code="c">1935</subfield></datafield><datafield ind1=" " ind2="3" tag="264"><subfield code="a">Madrid</subfield><subfield code="b">Tipografía de Archivos. Olózaga</subfield></datafield><datafield ind1=" " ind2=" " tag="300"><subfield code="a">1 vol.</subfield><subfield code="b">ill.</subfield><subfield code="c">25 cm</subfield></datafield><datafield ind1=" " ind2=" " tag="336"><subfield code="b">txt</subfield><subfield code="2">rdacontent</subfield></datafield><datafield ind1=" " ind2=" " tag="337"><subfield code="b">n</subfield><subfield code="2">rdamedia</subfield></datafield><datafield ind1=" " ind2=" " tag="338"><subfield code="b">nc</subfield><subfield code="2">rdacarrier</subfield></datafield><datafield ind1="1" ind2=" " tag="490"><subfield code="a">Memoria / Junta superior del tesoro artístico. Sección de excavaciones</subfield><subfield code="v">núm 136</subfield></datafield><datafield ind1="1" ind2=" " tag="700"><subfield code="a">Obermaier, Hugo</subfield><subfield code="d">1877-1946</subfield><subfield code="0">(IDREF)050743147</subfield></datafield><datafield ind1="1" ind2=" " tag="700"><subfield code="a">Breuil, Henri</subfield><subfield code="d">1877-1961</subfield><subfield code="0">(IDREF)034301917</subfield></datafield><datafield ind1=" " ind2="0" tag="830"><subfield code="a">Memoria / Junta superior del tesoro artístico, Sección de excavaciones</subfield><subfield code="v">136</subfield><subfield code="w">(RERO)0730599-41slsp</subfield></datafield><datafield ind1=" " ind2=" " tag="900"><subfield code="a">REROnoselfmerge</subfield></datafield></record>
</metadata></record>