<record><header><identifier>oai:alma.41SLSP_UGE:991000044769705502</identifier><datestamp>2023-03-01T01:09:23Z</datestamp><setSpec>uge_cmu_RapidILL_JOURNAL</setSpec><setSpec>uge_aobs_RapidILL_JOURNAL</setSpec><setSpec>uge_aaca_RapidILL_JOURNAL</setSpec><setSpec>uge_bcen_RapidILL_JOURNAL</setSpec><setSpec>uge_abbat_RapidILL_JOURNAL</setSpec><setSpec>uge_mail_RapidILL_JOURNAL</setSpec><setSpec>uge_dbu_RapidILL_JOURNAL</setSpec><setSpec>UNIGE_ALL</setSpec><setSpec>uge_abels_RapidILL_JOURNAL</setSpec><setSpec>uge_acar_RapidILL_JOURNAL</setSpec></header><metadata>
<record xmlns="http://www.loc.gov/MARC21/slim" xmlns:xsi="http://www.w3.org/2001/XMLSchema-instance" xsi:schemaLocation="http://www.loc.gov/MARC21/slim http://www.loc.gov/standards/marcxml/schema/MARC21slim.xsd"><leader>01517nas a2200373 c 4500</leader><controlfield tag="001">991000044769705502</controlfield><controlfield tag="005">20230214201104.0</controlfield><controlfield tag="008">000814d19972006sz || p|  ||| 0    0ger d</controlfield><datafield ind1=" " ind2=" " tag="035"><subfield code="a">(swissbib)094737924-41slsp_network</subfield></datafield><datafield ind1=" " ind2=" " tag="035"><subfield code="a">094737924</subfield><subfield code="9">ExL</subfield></datafield><datafield ind1=" " ind2=" " tag="035"><subfield code="a">(RERO)R255164460-41slsp</subfield></datafield><datafield ind1=" " ind2=" " tag="035"><subfield code="a">(EXLNZ-41SLSP_NETWORK)991125893769705501</subfield></datafield><datafield ind1=" " ind2=" " tag="040"><subfield code="a">RERO geubfd</subfield><subfield code="d">CH-ZuSLS</subfield></datafield><datafield ind1=" " ind2=" " tag="044"><subfield code="a">sz</subfield><subfield code="c">ch-be</subfield></datafield><datafield ind1=" " ind2="7" tag="072"><subfield code="a">sp</subfield><subfield code="2">rero</subfield></datafield><datafield ind1=" " ind2=" " tag="084"><subfield code="a">D 18 f</subfield><subfield code="2">cjurrom</subfield></datafield><datafield ind1="0" ind2="0" tag="245"><subfield code="a">Amnestie !</subfield><subfield code="b">das Magazin für die Menschenrechte</subfield></datafield><datafield ind1=" " ind2="1" tag="264"><subfield code="a">Bern</subfield><subfield code="b">Amnesty International - Schweizer sektion</subfield><subfield code="c">1997-2006</subfield></datafield><datafield ind1=" " ind2=" " tag="300"><subfield code="c">30 cm</subfield></datafield><datafield ind1=" " ind2=" " tag="310"><subfield code="a">Bimestriel</subfield></datafield><datafield ind1=" " ind2=" " tag="336"><subfield code="b">txt</subfield><subfield code="2">rdacontent</subfield></datafield><datafield ind1=" " ind2=" " tag="337"><subfield code="b">n</subfield><subfield code="2">rdamedia</subfield></datafield><datafield ind1=" " ind2=" " tag="338"><subfield code="b">nc</subfield><subfield code="2">rdacarrier</subfield></datafield><datafield ind1="0" ind2=" " tag="362"><subfield code="a">Nr. 2(Aug. 1997)-Nr. 45(Feb. 2006)</subfield></datafield><datafield ind1=" " ind2=" " tag="500"><subfield code="a">Les no 1 et 4(1997) ont paru uniquement en français sous le titre &quot;Amnistie!&quot;</subfield></datafield><datafield ind1=" " ind2=" " tag="500"><subfield code="a">Les articles des versions allemande et française ne sont pas les mêmes</subfield></datafield><datafield ind1=" " ind2=" " tag="580"><subfield code="a">Ed. en français: Amnesty : le magazine des droits humains. Devient: Amnesty : Magazin der Menschenrechte</subfield></datafield><datafield ind1="2" ind2="7" tag="610"><subfield code="a">Amnesty International</subfield><subfield code="0">(RERO)A009957079</subfield><subfield code="2">rero</subfield></datafield><datafield ind1=" " ind2="7" tag="650"><subfield code="a">Droits de l'homme</subfield><subfield code="0">(IDREF)027466957</subfield><subfield code="2">idref</subfield></datafield><datafield ind1=" " ind2="7" tag="650"><subfield code="a">Réfugiés</subfield><subfield code="0">(IDREF)027323145</subfield><subfield code="2">idref</subfield></datafield><datafield ind1=" " ind2="7" tag="655"><subfield code="a">Périodiques</subfield><subfield code="0">(IDREF)02724640X</subfield><subfield code="2">idref</subfield></datafield><datafield ind1="2" ind2=" " tag="710"><subfield code="a">Amnesty International</subfield><subfield code="b">Section suisse</subfield><subfield code="0">(RERO)A000007260</subfield></datafield><datafield ind1="0" ind2="0" tag="785"><subfield code="t">Amnesty ! : Magazin der Menschenrechte</subfield><subfield code="w">(RERO)R004133397-41slsp</subfield></datafield><datafield ind1="0" ind2=" " tag="775"><subfield code="t">Amnesty : le magazine des droits humains</subfield><subfield code="w">(RERO)R004133376-41slsp</subfield></datafield><datafield ind1=" " ind2=" " tag="900"><subfield code="a">REROnoselfmerge</subfield></datafield></record>
</metadata></record>