<record><header><identifier>oai:alma.41SLSP_UGE:991000050929705502</identifier><datestamp>2024-01-27T01:16:32Z</datestamp><setSpec>uge_bcen_RapidILL_BOOK</setSpec><setSpec>uge_aaca_RapidILL_BOOK</setSpec><setSpec>uge_abels_RapidILL_BOOK</setSpec><setSpec>uge_dbu_RapidILL_BOOK</setSpec><setSpec>uge_cmu_RapidILL_BOOK</setSpec><setSpec>uge_mail_RapidILL_BOOK</setSpec><setSpec>uge_abbat_RapidILL_BOOK</setSpec><setSpec>UNIGE_ALL</setSpec><setSpec>uge_aobs_RapidILL_BOOK</setSpec><setSpec>uge_acar_RapidILL_BOOK</setSpec></header><metadata>
<record xmlns="http://www.loc.gov/MARC21/slim" xmlns:xsi="http://www.w3.org/2001/XMLSchema-instance" xsi:schemaLocation="http://www.loc.gov/MARC21/slim http://www.loc.gov/standards/marcxml/schema/MARC21slim.xsd"><leader>02826nam a2200637 c 4500</leader><controlfield tag="001">991000050929705502</controlfield><controlfield tag="005">20240126104613.0</controlfield><controlfield tag="008">201012s2012    fr a     |||| 000 0 fre|d</controlfield><datafield ind1=" " ind2=" " tag="020"><subfield code="a">2843102251</subfield></datafield><datafield ind1=" " ind2=" " tag="020"><subfield code="a">9782843102257</subfield><subfield code="q">broché</subfield></datafield><datafield ind1="7" ind2=" " tag="024"><subfield code="a">http://catalogue.bnf.fr/ark:/12148/cb426807262</subfield><subfield code="2">uri</subfield></datafield><datafield ind1=" " ind2=" " tag="035"><subfield code="a">(swissbib)235745693-41slsp_network</subfield></datafield><datafield ind1=" " ind2=" " tag="035"><subfield code="a">235745693</subfield><subfield code="9">ExL</subfield></datafield><datafield ind1=" " ind2=" " tag="035"><subfield code="a">(NEBIS)011039221EBI01</subfield></datafield><datafield ind1=" " ind2=" " tag="035"><subfield code="a">(RERO)R007090075-41slsp</subfield></datafield><datafield ind1=" " ind2=" " tag="035"><subfield code="a">(OCoLC)816283844</subfield></datafield><datafield ind1=" " ind2=" " tag="035"><subfield code="a">(EXLNZ-41SLSP_NETWORK)991118024349705501</subfield></datafield><datafield ind1=" " ind2=" " tag="040"><subfield code="a">DE-604</subfield><subfield code="b">ger</subfield><subfield code="e">rda</subfield><subfield code="d">CH-ZuSLS</subfield></datafield><datafield ind1="0" ind2=" " tag="041"><subfield code="a">fre</subfield></datafield><datafield ind1=" " ind2="7" tag="072"><subfield code="a">pe</subfield><subfield code="2">rero</subfield></datafield><datafield ind1="1" ind2=" " tag="080"><subfield code="a">804.0.74</subfield></datafield><datafield ind1=" " ind2=" " tag="084"><subfield code="a">5,3</subfield><subfield code="2">ssgn</subfield></datafield><datafield ind1=" " ind2=" " tag="084"><subfield code="a">DP 2680</subfield><subfield code="2">rvk</subfield></datafield><datafield ind1=" " ind2=" " tag="084"><subfield code="a">LC 84000</subfield><subfield code="2">rvk</subfield></datafield><datafield ind1="0" ind2="0" tag="245"><subfield code="a">Bande dessinée et enseignement des humanités</subfield><subfield code="c">sous la direction de Nicolas Rouvière</subfield></datafield><datafield ind1=" " ind2="1" tag="264"><subfield code="a">Grenoble</subfield><subfield code="b">ELLUG, Université Stendhal</subfield><subfield code="c">2012</subfield></datafield><datafield ind1=" " ind2=" " tag="300"><subfield code="a">434 p.</subfield><subfield code="b">ill.</subfield></datafield><datafield ind1=" " ind2=" " tag="336"><subfield code="b">txt</subfield><subfield code="2">rdacontent</subfield></datafield><datafield ind1=" " ind2=" " tag="337"><subfield code="b">n</subfield><subfield code="2">rdamedia</subfield></datafield><datafield ind1=" " ind2=" " tag="338"><subfield code="b">nc</subfield><subfield code="2">rdacarrier</subfield></datafield><datafield ind1="0" ind2=" " tag="490"><subfield code="a">Didaskein</subfield></datafield><datafield ind1=" " ind2=" " tag="504"><subfield code="a">Bibliogr.: p. 419-432</subfield></datafield><datafield ind1="8" ind2=" " tag="520"><subfield code="a">Fictions jeunesse</subfield><subfield code="5">RERO/frvhep/08.2012</subfield></datafield><datafield ind1=" " ind2="7" tag="650"><subfield code="a">Aufsatzsammlung</subfield><subfield code="0">(DE-588)4143413-4</subfield><subfield code="2">gnd</subfield></datafield><datafield ind1=" " ind2="7" tag="650"><subfield code="a">Comic</subfield><subfield code="0">(DE-588)4010427-8</subfield><subfield code="2">gnd</subfield></datafield><datafield ind1=" " ind2="7" tag="650"><subfield code="a">Unterricht</subfield><subfield code="0">(DE-588)4062005-0</subfield><subfield code="2">gnd</subfield></datafield><datafield ind1=" " ind2="0" tag="650"><subfield code="a">Comic books, strips, etc / Study and teaching</subfield></datafield><datafield ind1=" " ind2="0" tag="650"><subfield code="a">Comic books, strips, etc., in education</subfield></datafield><datafield ind1=" " ind2="0" tag="650"><subfield code="a">Graphic novels in education</subfield></datafield><datafield ind1=" " ind2="0" tag="650"><subfield code="a">Humanities</subfield><subfield code="x">Study and teaching</subfield></datafield><datafield ind1=" " ind2="7" tag="650"><subfield code="a">Comic books, strips, etc., in education</subfield><subfield code="2">fast</subfield></datafield><datafield ind1=" " ind2="7" tag="650"><subfield code="a">Comic books, strips, etc</subfield><subfield code="x">Study and teaching</subfield><subfield code="2">fast</subfield></datafield><datafield ind1=" " ind2="7" tag="650"><subfield code="a">Graphic novels in education</subfield><subfield code="2">fast</subfield></datafield><datafield ind1=" " ind2="7" tag="650"><subfield code="a">Humanities</subfield><subfield code="x">Study and teaching</subfield><subfield code="2">fast</subfield></datafield><datafield ind1=" " ind2="4" tag="650"><subfield code="a">Comic books, strips, etc / Study and teaching</subfield></datafield><datafield ind1=" " ind2="4" tag="650"><subfield code="a">Comic books, strips, etc., in education</subfield></datafield><datafield ind1=" " ind2="4" tag="650"><subfield code="a">Graphic novels in education</subfield></datafield><datafield ind1=" " ind2="4" tag="650"><subfield code="a">Humanities / Study and teaching</subfield></datafield><datafield ind1=" " ind2="7" tag="650"><subfield code="a">Didactique</subfield><subfield code="0">(IDREF)032249187</subfield><subfield code="2">idref</subfield></datafield><datafield ind1=" " ind2="7" tag="650"><subfield code="a">Littérature</subfield><subfield code="0">(IDREF)027328570</subfield><subfield code="2">idref</subfield></datafield><datafield ind1=" " ind2="7" tag="650"><subfield code="a">Étude et enseignement</subfield><subfield code="0">(IDREF)027789853</subfield><subfield code="2">idref</subfield></datafield><datafield ind1=" " ind2="7" tag="650"><subfield code="a">Bandes dessinées</subfield><subfield code="0">(IDREF)027220796</subfield><subfield code="2">idref</subfield></datafield><datafield ind1=" " ind2="7" tag="655"><subfield code="a">[Études diverses]</subfield><subfield code="0">(RERO)A022249905</subfield><subfield code="2">rero</subfield></datafield><datafield ind1="1" ind2=" " tag="700"><subfield code="6">880-02</subfield><subfield code="a">Rouvière, Nicolas</subfield><subfield code="4">edt</subfield></datafield><datafield ind1="1" ind2=" " tag="880"><subfield code="6">700-02</subfield><subfield code="a">Rouvière, Nicolas</subfield><subfield code="c">auteur en lettres modernes</subfield><subfield code="d">1973-....</subfield><subfield code="0">(IDREF)083336044</subfield></datafield><datafield ind1="4" ind2=" " tag="856"><subfield code="u">http://bvbr.bib-bvb.de:8991/F?func=service&amp;doc_library=BVB01&amp;local_base=BVB01&amp;doc_number=025340721&amp;line_number=0001&amp;func_code=DB_RECORDS&amp;service_type=MEDIA</subfield><subfield code="z">Freier Zugriff/Accès libre via World Wide Web</subfield><subfield code="z">Inhaltsverzeichnis=Table des matières</subfield></datafield><datafield ind1="4" ind2=" " tag="856"><subfield code="u">http://bvbr.bib-bvb.de:8991/F?func=serviceetdoc_library=BVB01etdoc_number=025340721etline_number=0001etfunc_code=DB_RECORDSetservice_type=MEDIA</subfield><subfield code="z">Freier Zugriff/Accès libre via World Wide Web</subfield><subfield code="z">Inhaltsverzeichnis=Table des matières</subfield></datafield></record>
</metadata></record>