<record><header><identifier>oai:alma.41SLSP_UGE:991000050529705502</identifier><datestamp>2023-11-10T05:46:14Z</datestamp><setSpec>uge_cmu_RapidILL_JOURNAL</setSpec><setSpec>uge_aobs_RapidILL_JOURNAL</setSpec><setSpec>uge_aaca_RapidILL_JOURNAL</setSpec><setSpec>uge_abbat_RapidILL_JOURNAL</setSpec><setSpec>uge_bcen_RapidILL_JOURNAL</setSpec><setSpec>uge_dbu_RapidILL_JOURNAL</setSpec><setSpec>uge_mail_RapidILL_JOURNAL</setSpec><setSpec>UNIGE_ALL</setSpec><setSpec>uge_abels_RapidILL_JOURNAL</setSpec><setSpec>uge_acar_RapidILL_JOURNAL</setSpec></header><metadata>
<record xmlns="http://www.loc.gov/MARC21/slim" xmlns:xsi="http://www.w3.org/2001/XMLSchema-instance" xsi:schemaLocation="http://www.loc.gov/MARC21/slim http://www.loc.gov/standards/marcxml/schema/MARC21slim.xsd"><leader>02778nas a2200673 c 4500</leader><controlfield tag="001">991000050529705502</controlfield><controlfield tag="005">20230119193457.0</controlfield><controlfield tag="006">a           |1| | </controlfield><controlfield tag="008">201011c19329999xxu | p       0    |eng d</controlfield><datafield ind1=" " ind2=" " tag="022"><subfield code="y">1553-5622</subfield></datafield><datafield ind1=" " ind2=" " tag="022"><subfield code="a">0018-098X</subfield></datafield><datafield ind1=" " ind2=" " tag="035"><subfield code="a">(swissbib)216051746-41slsp_network</subfield></datafield><datafield ind1=" " ind2=" " tag="035"><subfield code="a">216051746</subfield><subfield code="9">ExL</subfield></datafield><datafield ind1=" " ind2=" " tag="035"><subfield code="a">(IDSBB)000110262DSV01</subfield></datafield><datafield ind1=" " ind2=" " tag="035"><subfield code="a">(NEBIS)000985873EBI01</subfield></datafield><datafield ind1=" " ind2=" " tag="035"><subfield code="a">(RERO)0079930-41slsp</subfield></datafield><datafield ind1=" " ind2=" " tag="035"><subfield code="a">(EXLNZ-41SLSP_NETWORK)991102831759705501</subfield></datafield><datafield ind1=" " ind2=" " tag="040"><subfield code="a">SzZuIDS BS/BE A100</subfield><subfield code="e">kids</subfield><subfield code="d">CH-ZuSLS</subfield></datafield><datafield ind1=" " ind2=" " tag="050"><subfield code="a">DF10</subfield><subfield code="b">.H4</subfield></datafield><datafield ind1=" " ind2="7" tag="072"><subfield code="a">ar</subfield><subfield code="2">SzZuIDS BS/BE</subfield></datafield><datafield ind1=" " ind2="7" tag="072"><subfield code="a">ar</subfield><subfield code="2">rero</subfield></datafield><datafield ind1="0" ind2="4" tag="082"><subfield code="a">949.5</subfield></datafield><datafield ind1="1" ind2="4" tag="082"><subfield code="a">930</subfield><subfield code="2">15</subfield></datafield><datafield ind1="0" ind2=" " tag="210"><subfield code="a">Hesperia</subfield></datafield><datafield ind1="0" ind2="0" tag="245"><subfield code="a">Hesperia</subfield><subfield code="b">journal of the American School of Classical Studies at Athens</subfield></datafield><datafield ind1=" " ind2="1" tag="264"><subfield code="a">Princeton (N.J.)</subfield><subfield code="b">American School of Classical Studies at Athens</subfield></datafield><datafield ind1=" " ind2=" " tag="300"><subfield code="a">Bände</subfield></datafield><datafield ind1=" " ind2=" " tag="310"><subfield code="a">Quarterly</subfield></datafield><datafield ind1=" " ind2=" " tag="336"><subfield code="b">txt</subfield><subfield code="2">rdacontent</subfield></datafield><datafield ind1=" " ind2=" " tag="337"><subfield code="b">n</subfield><subfield code="2">rdamedia</subfield></datafield><datafield ind1=" " ind2=" " tag="338"><subfield code="b">nc</subfield><subfield code="2">rdacarrier</subfield></datafield><datafield ind1="0" ind2=" " tag="362"><subfield code="a">Vol. 1 (1932)-</subfield></datafield><datafield ind1=" " ind2=" " tag="500"><subfield code="a">Vol. 38, Nr. 2(1969) ist Festschrift für Rhys Carpenter zum 80. Geburtstag, 5. August 1969</subfield></datafield><datafield ind1=" " ind2=" " tag="500"><subfield code="a">Vol. 43, Nr. 4(1974) ist Festschrift für Oscar Theodore Broneer on his eightieth birthday, Dec. 28, 1974</subfield></datafield><datafield ind1=" " ind2=" " tag="500"><subfield code="a">Index: 1/10 (1932/41); 11/20 (1942/51)</subfield></datafield><datafield ind1=" " ind2=" " tag="524"><subfield code="a">HESPER</subfield><subfield code="2">O</subfield></datafield><datafield ind1=" " ind2=" " tag="530"><subfield code="a">Existe aussi en version électronique</subfield></datafield><datafield ind1=" " ind2=" " tag="580"><subfield code="a">A pour suppl.: Hesperia. Supplement</subfield></datafield><datafield ind1=" " ind2="7" tag="650"><subfield code="a">Archäologie</subfield><subfield code="z">griechische</subfield><subfield code="v">Zeitschrift</subfield><subfield code="2">idsbb</subfield></datafield><datafield ind1=" " ind2="0" tag="650"><subfield code="a">Excavations (Archaeology)</subfield><subfield code="z">Greece</subfield><subfield code="v">Periodicals</subfield></datafield><datafield ind1=" " ind2="7" tag="650"><subfield code="a">ALTES GRIECHENLAND + GRAECIA (ORTE DES ALTERTUMS)</subfield><subfield code="9">ger</subfield><subfield code="0">(ETHUDK)000001547</subfield><subfield code="2">ethudk</subfield></datafield><datafield ind1=" " ind2="7" tag="650"><subfield code="a">GRIECHISCHE ARCHAEOLOGIE</subfield><subfield code="9">ger</subfield><subfield code="0">(ETHUDK)000043789</subfield><subfield code="2">ethudk</subfield></datafield><datafield ind1=" " ind2="7" tag="650"><subfield code="a">KULTURGESCHICHTE</subfield><subfield code="9">ger</subfield><subfield code="0">(ETHUDK)000036824</subfield><subfield code="2">ethudk</subfield></datafield><datafield ind1=" " ind2="7" tag="650"><subfield code="a">Archéologie</subfield><subfield code="0">(IDREF)02726971X</subfield><subfield code="2">idref</subfield></datafield><datafield ind1=" " ind2="7" tag="651"><subfield code="a">Griechenland (Altertum)</subfield><subfield code="2">idszbz</subfield></datafield><datafield ind1=" " ind2="7" tag="651"><subfield code="a">Griechenland</subfield><subfield code="g">Altertum</subfield><subfield code="0">(DE-588)4093976-5</subfield><subfield code="2">gnd</subfield></datafield><datafield ind1=" " ind2="7" tag="655"><subfield code="a">Festschrift</subfield><subfield code="2">gnd-content</subfield></datafield><datafield ind1=" " ind2="7" tag="655"><subfield code="a">Zeitschrift</subfield><subfield code="2">gnd-content</subfield></datafield><datafield ind1=" " ind2="7" tag="655"><subfield code="a">Zeitschrift</subfield><subfield code="2">idszbz</subfield></datafield><datafield ind1=" " ind2="7" tag="655"><subfield code="a">Périodiques</subfield><subfield code="0">(IDREF)02724640X</subfield><subfield code="2">idref</subfield></datafield><datafield ind1="1" ind2=" " tag="700"><subfield code="a">Broneer, Oscar Theodore</subfield><subfield code="d">1894-1992</subfield><subfield code="0">(DE-588)1055176896</subfield></datafield><datafield ind1="1" ind2=" " tag="700"><subfield code="a">Carpenter, Rhys</subfield></datafield><datafield ind1="2" ind2=" " tag="710"><subfield code="a">American school of classical studies at Athens</subfield><subfield code="0">(IDREF)029776112</subfield></datafield><datafield ind1="2" ind2=" " tag="710"><subfield code="a">&lt;&lt;The&gt;&gt; American School of Classical Studies at Athens</subfield><subfield code="0">(DE-588)35362-0</subfield></datafield><datafield ind1="0" ind2=" " tag="730"><subfield code="a">Hesperia (American School of Classical Studies)</subfield></datafield><datafield ind1="0" ind2="8" tag="776"><subfield code="i">Erscheint auch als</subfield><subfield code="n">Online-Ausgabe</subfield><subfield code="t">Hesperia</subfield><subfield code="x">1553-5622</subfield></datafield><datafield ind1="0" ind2=" " tag="776"><subfield code="t">Hesperia : journal of the American School of Classical Studies at Athens</subfield></datafield><datafield ind1="0" ind2=" " tag="770"><subfield code="t">Hesperia : journal of the American School of Classical Studies at Athens. Supplement</subfield><subfield code="w">(RERO)0030055-41slsp</subfield></datafield><datafield ind1=" " ind2=" " tag="900"><subfield code="a">NEBISnoselfmerge</subfield></datafield><datafield ind1=" " ind2=" " tag="900"><subfield code="a">REROnoselfmerge</subfield></datafield><datafield ind1="0" ind2=" " tag="787"><subfield code="t">Périodiques en antiquité grecque et romaine</subfield><subfield code="w">81221442360005502</subfield><subfield code="i">Alma Collection</subfield></datafield></record>
</metadata></record>