<record><header><identifier>oai:alma.41SLSP_UGE:991000044559705502</identifier><datestamp>2023-03-01T01:09:23Z</datestamp><setSpec>UNIGE_ALL</setSpec></header><metadata>
<record xmlns="http://www.loc.gov/MARC21/slim" xmlns:xsi="http://www.w3.org/2001/XMLSchema-instance" xsi:schemaLocation="http://www.loc.gov/MARC21/slim http://www.loc.gov/standards/marcxml/schema/MARC21slim.xsd"><leader>00927nim a2200253 c 4500</leader><controlfield tag="001">991000044559705502</controlfield><controlfield tag="005">20210206203807.0</controlfield><controlfield tag="007">ss |||||||||||</controlfield><controlfield tag="008">861028s1986    sz ||n||            rus d</controlfield><datafield ind1=" " ind2=" " tag="035"><subfield code="a">(swissbib)08121166X-41slsp_network</subfield></datafield><datafield ind1=" " ind2=" " tag="035"><subfield code="a">08121166X</subfield><subfield code="9">ExL</subfield></datafield><datafield ind1=" " ind2=" " tag="035"><subfield code="a">(RERO)0767943-41slsp</subfield></datafield><datafield ind1=" " ind2=" " tag="035"><subfield code="a">(EXLNZ-41SLSP_NETWORK)991105321849705501</subfield></datafield><datafield ind1=" " ind2=" " tag="040"><subfield code="a">RERO geumed</subfield><subfield code="d">CH-ZuSLS</subfield></datafield><datafield ind1=" " ind2=" " tag="044"><subfield code="a">sz</subfield><subfield code="c">ch-ge</subfield></datafield><datafield ind1=" " ind2="7" tag="072"><subfield code="a">ru</subfield><subfield code="2">rero</subfield></datafield><datafield ind1="1" ind2=" " tag="100"><subfield code="a">Suchanek, Lucjan</subfield><subfield code="c">philosophe</subfield><subfield code="d">19..-....</subfield><subfield code="0">(IDREF)12791658X</subfield><subfield code="4">cre</subfield></datafield><datafield ind1="1" ind2="0" tag="245"><subfield code="a">Vers l'Occident</subfield><subfield code="b">la littérature russe ancienne et l'influence polonaise</subfield><subfield code="c">Lucian Suchanek</subfield></datafield><datafield ind1=" " ind2="1" tag="264"><subfield code="a">Genève</subfield><subfield code="b">Université de Genève-Faculté des lettres-Département des langues et des littératures méditerranéennes slaves et orientales-Unité de russe [prod.]</subfield><subfield code="c">1986</subfield></datafield><datafield ind1=" " ind2=" " tag="300"><subfield code="a">1 CASSETTE SONORE (90 min.)</subfield></datafield><datafield ind1=" " ind2=" " tag="336"><subfield code="b">spw</subfield><subfield code="2">rdacontent</subfield></datafield><datafield ind1=" " ind2=" " tag="337"><subfield code="b">s</subfield><subfield code="2">rdamedia</subfield></datafield><datafield ind1=" " ind2=" " tag="338"><subfield code="b">ss</subfield><subfield code="2">rdacarrier</subfield></datafield><datafield ind1=" " ind2=" " tag="500"><subfield code="a">Donnée le 26 mai 1986</subfield></datafield><datafield ind1=" " ind2=" " tag="900"><subfield code="a">REROnoselfmerge</subfield></datafield></record>
</metadata></record>