<record><header><identifier>oai:alma.41SLSP_UGE:991000051049705502</identifier><datestamp>2023-05-23T00:13:04Z</datestamp><setSpec>uge_bcen_RapidILL_BOOK</setSpec><setSpec>uge_aaca_RapidILL_BOOK</setSpec><setSpec>uge_abels_RapidILL_BOOK</setSpec><setSpec>uge_dbu_RapidILL_BOOK</setSpec><setSpec>uge_cmu_RapidILL_BOOK</setSpec><setSpec>uge_mail_RapidILL_BOOK</setSpec><setSpec>uge_abbat_RapidILL_BOOK</setSpec><setSpec>UNIGE_ALL</setSpec><setSpec>uge_aobs_RapidILL_BOOK</setSpec><setSpec>uge_acar_RapidILL_BOOK</setSpec></header><metadata>
<record xmlns="http://www.loc.gov/MARC21/slim" xmlns:xsi="http://www.w3.org/2001/XMLSchema-instance" xsi:schemaLocation="http://www.loc.gov/MARC21/slim http://www.loc.gov/standards/marcxml/schema/MARC21slim.xsd"><leader>01520nam a2200361 c 4500</leader><controlfield tag="001">991000051049705502</controlfield><controlfield tag="005">20230516190009.0</controlfield><controlfield tag="008">960525m19821983gw ||||| |||| 00| ||ger d</controlfield><datafield ind1=" " ind2=" " tag="035"><subfield code="a">(swissbib)07898016X-41slsp_network</subfield></datafield><datafield ind1=" " ind2=" " tag="035"><subfield code="a">07898016X</subfield><subfield code="9">ExL</subfield></datafield><datafield ind1=" " ind2=" " tag="035"><subfield code="a">(RERO)0432227-41slsp</subfield></datafield><datafield ind1=" " ind2=" " tag="035"><subfield code="a">(EXLNZ-41SLSP_NETWORK)991117451979705501</subfield></datafield><datafield ind1=" " ind2=" " tag="040"><subfield code="a">RERO</subfield><subfield code="d">CH-ZuSLS</subfield></datafield><datafield ind1=" " ind2="7" tag="072"><subfield code="a">ha</subfield><subfield code="2">rero</subfield></datafield><datafield ind1="1" ind2=" " tag="080"><subfield code="a">937(02)</subfield></datafield><datafield ind1="1" ind2=" " tag="100"><subfield code="a">Christ, Karl</subfield><subfield code="0">(RERO)A003104857</subfield><subfield code="4">cre</subfield></datafield><datafield ind1="1" ind2="0" tag="245"><subfield code="a">Römische Geschichte und Wissenschaftsgeschichte</subfield><subfield code="c">Karl Christ</subfield></datafield><datafield ind1=" " ind2="1" tag="264"><subfield code="a">Darmstadt</subfield><subfield code="b">Wissenschaftliche Buchgesellschaft</subfield><subfield code="c">1982-1983</subfield></datafield><datafield ind1=" " ind2=" " tag="300"><subfield code="a">3 vol.</subfield><subfield code="c">23 cm</subfield></datafield><datafield ind1=" " ind2=" " tag="336"><subfield code="b">txt</subfield><subfield code="2">rdacontent</subfield></datafield><datafield ind1=" " ind2=" " tag="337"><subfield code="b">n</subfield><subfield code="2">rdamedia</subfield></datafield><datafield ind1=" " ind2=" " tag="338"><subfield code="b">nc</subfield><subfield code="2">rdacarrier</subfield></datafield><datafield ind1="0" ind2="0" tag="505"><subfield code="g">Bd. 1 :</subfield><subfield code="t">Römische Republik und augusteischer Principat. - 1982. - VIII, 275 p. 3-534-08337-7</subfield></datafield><datafield ind1="0" ind2="0" tag="505"><subfield code="g">Bd. 2 :</subfield><subfield code="t">Geschichte und Geschichtsschreibung der römischen Kaiserzeit. - 1983. - 287 p. 3-534-08338-5</subfield></datafield><datafield ind1="0" ind2="0" tag="505"><subfield code="g">Bd. 3 :</subfield><subfield code="t">Wissenschaftsgeschichte. - 1983. - VIII, 273 p. 3-534-08339-3</subfield></datafield><datafield ind1=" " ind2="7" tag="650"><subfield code="a">19e siècle-20e siècle</subfield><subfield code="2">idref</subfield></datafield><datafield ind1=" " ind2="7" tag="650"><subfield code="a">509 av. J.-C.-410</subfield><subfield code="2">idref</subfield></datafield><datafield ind1=" " ind2="7" tag="650"><subfield code="a">Historiens</subfield><subfield code="0">(IDREF)02726176X</subfield><subfield code="2">idref</subfield></datafield><datafield ind1=" " ind2="7" tag="650"><subfield code="a">Histoire</subfield><subfield code="0">(IDREF)02726470X</subfield><subfield code="2">idref</subfield></datafield><datafield ind1=" " ind2="7" tag="651"><subfield code="a">Rome</subfield><subfield code="0">(IDREF)027243001</subfield><subfield code="2">idref</subfield></datafield><datafield ind1=" " ind2="7" tag="651"><subfield code="a">Allemagne</subfield><subfield code="0">(IDREF)027218856</subfield><subfield code="2">idref</subfield></datafield><datafield ind1=" " ind2="7" tag="655"><subfield code="a">[Études diverses]</subfield><subfield code="0">(RERO)A022249905</subfield><subfield code="2">rero</subfield></datafield><datafield ind1=" " ind2="7" tag="651"><subfield code="a">Rome</subfield><subfield code="y">509-30 av. J.-C. (République)</subfield><subfield code="0">(IDREF)027480410</subfield><subfield code="2">idref</subfield></datafield><datafield ind1=" " ind2="7" tag="651"><subfield code="a">Rome</subfield><subfield code="y">30 av. J.-C.-476 (Empire)</subfield><subfield code="0">(IDREF)027299120</subfield><subfield code="2">idref</subfield></datafield></record>
</metadata></record>