<record><header><identifier>oai:alma.41SLSP_UGE:991000050319705502</identifier><datestamp>2023-03-01T01:09:23Z</datestamp><setSpec>uge_bcen_RapidILL_BOOK</setSpec><setSpec>uge_aaca_RapidILL_BOOK</setSpec><setSpec>uge_abels_RapidILL_BOOK</setSpec><setSpec>uge_dbu_RapidILL_BOOK</setSpec><setSpec>uge_cmu_RapidILL_BOOK</setSpec><setSpec>uge_mail_RapidILL_BOOK</setSpec><setSpec>UNIGE_ALL</setSpec><setSpec>uge_abbat_RapidILL_BOOK</setSpec><setSpec>uge_aobs_RapidILL_BOOK</setSpec><setSpec>uge_acar_RapidILL_BOOK</setSpec></header><metadata>
<record xmlns="http://www.loc.gov/MARC21/slim" xmlns:xsi="http://www.w3.org/2001/XMLSchema-instance" xsi:schemaLocation="http://www.loc.gov/MARC21/slim http://www.loc.gov/standards/marcxml/schema/MARC21slim.xsd"><leader>01083nam a2200325 c 4500</leader><controlfield tag="001">991000050319705502</controlfield><controlfield tag="005">20201229231813.0</controlfield><controlfield tag="008">201011s2002    be ||||| |||| 00| ||fre d</controlfield><datafield ind1=" " ind2=" " tag="020"><subfield code="a">2804017117</subfield></datafield><datafield ind1=" " ind2=" " tag="035"><subfield code="a">(swissbib)21647633X-41slsp_network</subfield></datafield><datafield ind1=" " ind2=" " tag="035"><subfield code="a">21647633X</subfield><subfield code="9">ExL</subfield></datafield><datafield ind1=" " ind2=" " tag="035"><subfield code="a">(RERO)R003598589-41slsp</subfield></datafield><datafield ind1=" " ind2=" " tag="035"><subfield code="a">(IDSBB)003358270DSV01</subfield></datafield><datafield ind1=" " ind2=" " tag="035"><subfield code="a">(NEBIS)008645652EBI01</subfield></datafield><datafield ind1=" " ind2=" " tag="035"><subfield code="a">(EXLNZ-41SLSP_NETWORK)991156902319705501</subfield></datafield><datafield ind1=" " ind2=" " tag="040"><subfield code="a">RERO geulfr</subfield><subfield code="d">CH-ZuSLS</subfield></datafield><datafield ind1=" " ind2="7" tag="072"><subfield code="a">fr</subfield><subfield code="2">rero</subfield></datafield><datafield ind1="1" ind2=" " tag="100"><subfield code="a">Baillon, André</subfield><subfield code="0">(RERO)A002961228</subfield><subfield code="4">cre</subfield></datafield><datafield ind1="1" ind2="0" tag="245"><subfield code="a">&lt;&lt;Un&gt;&gt; homme si simple</subfield><subfield code="c">André Baillon ; lecture de Maria Chiara Gnocchi</subfield></datafield><datafield ind1=" " ind2="1" tag="264"><subfield code="a">Bruxelles</subfield><subfield code="b">Ed. Labor</subfield><subfield code="c">2002</subfield></datafield><datafield ind1=" " ind2=" " tag="300"><subfield code="a">231 p.</subfield><subfield code="b">ill.</subfield><subfield code="c">18 cm</subfield></datafield><datafield ind1=" " ind2=" " tag="336"><subfield code="b">txt</subfield><subfield code="2">rdacontent</subfield></datafield><datafield ind1=" " ind2=" " tag="337"><subfield code="b">n</subfield><subfield code="2">rdamedia</subfield></datafield><datafield ind1=" " ind2=" " tag="338"><subfield code="b">nc</subfield><subfield code="2">rdacarrier</subfield></datafield><datafield ind1="1" ind2=" " tag="490"><subfield code="a">Espace nord</subfield><subfield code="v">180</subfield></datafield><datafield ind1=" " ind2="7" tag="651"><subfield code="a">Französisch</subfield><subfield code="x">Literatur</subfield><subfield code="x">Belgien</subfield><subfield code="2">swd</subfield></datafield><datafield ind1="1" ind2=" " tag="700"><subfield code="a">Gnocchi, Maria Chiara</subfield><subfield code="0">(IDREF)067312713</subfield></datafield><datafield ind1=" " ind2=" " tag="830"><subfield code="a">Espace Nord</subfield><subfield code="v">180</subfield><subfield code="w">(NEBIS)002035387EBI01</subfield></datafield><datafield ind1=" " ind2=" " tag="830"><subfield code="a">Espace Nord</subfield><subfield code="v">180</subfield><subfield code="w">(IDSBB)000093278DSV01</subfield></datafield><datafield ind1=" " ind2=" " tag="830"><subfield code="a">Espace nord</subfield><subfield code="v">180</subfield><subfield code="w">(RERO)0543623-41slsp</subfield></datafield><datafield ind1=" " ind2=" " tag="900"><subfield code="a">REROnoselfmerge</subfield></datafield><datafield ind1=" " ind2=" " tag="990"><subfield code="a">glfbe</subfield><subfield code="9">LOCAL</subfield></datafield></record>
</metadata></record>