<record><header><identifier>oai:alma.41SLSP_UGE:991000050739705502</identifier><datestamp>2023-03-01T01:09:23Z</datestamp><setSpec>uge_bcen_RapidILL_BOOK</setSpec><setSpec>uge_aaca_RapidILL_BOOK</setSpec><setSpec>uge_abels_RapidILL_BOOK</setSpec><setSpec>uge_dbu_RapidILL_BOOK</setSpec><setSpec>uge_cmu_RapidILL_BOOK</setSpec><setSpec>uge_mail_RapidILL_BOOK</setSpec><setSpec>UNIGE_ALL</setSpec><setSpec>uge_abbat_RapidILL_BOOK</setSpec><setSpec>uge_aobs_RapidILL_BOOK</setSpec><setSpec>uge_acar_RapidILL_BOOK</setSpec></header><metadata>
<record xmlns="http://www.loc.gov/MARC21/slim" xmlns:xsi="http://www.w3.org/2001/XMLSchema-instance" xsi:schemaLocation="http://www.loc.gov/MARC21/slim http://www.loc.gov/standards/marcxml/schema/MARC21slim.xsd"><leader>01172nam a2200277 c 4500</leader><controlfield tag="001">991000050739705502</controlfield><controlfield tag="005">20201227135014.0</controlfield><controlfield tag="008">000811s1999    ne ||||| |||| 10| ||eng d</controlfield><datafield ind1=" " ind2=" " tag="035"><subfield code="a">(swissbib)094691401-41slsp_network</subfield></datafield><datafield ind1=" " ind2=" " tag="035"><subfield code="a">094691401</subfield><subfield code="9">ExL</subfield></datafield><datafield ind1=" " ind2=" " tag="035"><subfield code="a">(RERO)R254341160-41slsp</subfield></datafield><datafield ind1=" " ind2=" " tag="035"><subfield code="a">(EXLNZ-41SLSP_NETWORK)991053563839705501</subfield></datafield><datafield ind1=" " ind2=" " tag="040"><subfield code="a">RERO geussc</subfield><subfield code="d">CH-ZuSLS</subfield></datafield><datafield ind1=" " ind2="7" tag="072"><subfield code="a">ch</subfield><subfield code="2">rero</subfield></datafield><datafield ind1="0" ind2="0" tag="245"><subfield code="a">Optical spectrometry</subfield><subfield code="b">applications and instrumentation into the 21st century, Egham, UK, June 29-July 1, 1998</subfield><subfield code="c">organised by the Council Radiation Measurement and the Ultra Violet Spectrometry Group</subfield></datafield><datafield ind1=" " ind2="1" tag="264"><subfield code="a">Amsterdam [etc.]</subfield><subfield code="b">Elsevier</subfield><subfield code="c">1999</subfield></datafield><datafield ind1=" " ind2=" " tag="300"><subfield code="a">427 p.</subfield><subfield code="b">ill.</subfield><subfield code="c">26 cm</subfield></datafield><datafield ind1=" " ind2=" " tag="336"><subfield code="b">txt</subfield><subfield code="2">rdacontent</subfield></datafield><datafield ind1=" " ind2=" " tag="337"><subfield code="b">n</subfield><subfield code="2">rdamedia</subfield></datafield><datafield ind1=" " ind2=" " tag="338"><subfield code="b">nc</subfield><subfield code="2">rdacarrier</subfield></datafield><datafield ind1="0" ind2=" " tag="490"><subfield code="a">Analytica chimica acta</subfield><subfield code="v">vol. 380, no 2-3</subfield></datafield><datafield ind1=" " ind2=" " tag="500"><subfield code="a">Nom du congrès d'après Internet</subfield></datafield><datafield ind1="2" ind2=" " tag="710"><subfield code="a">Council for Optical Radiation Measurement (USA)</subfield><subfield code="0">(RERO)A005659877</subfield></datafield><datafield ind1="2" ind2=" " tag="710"><subfield code="a">Ultra-Violet Spectrometry Group (United Kingdom)</subfield><subfield code="0">(RERO)A005659878</subfield></datafield><datafield ind1="2" ind2=" " tag="711"><subfield code="a">Oxford Conference on Spectroscopy</subfield><subfield code="n">3</subfield><subfield code="d">1998</subfield><subfield code="c">Egham</subfield><subfield code="0">(RERO)A012442263</subfield></datafield><datafield ind1=" " ind2=" " tag="830"><subfield code="a">Analytica chimica acta</subfield><subfield code="v">380/2-3</subfield><subfield code="w">(RERO)0054951-41slsp</subfield></datafield><datafield ind1=" " ind2=" " tag="900"><subfield code="a">REROnoselfmerge</subfield></datafield></record>
</metadata></record>