<record><header><identifier>oai:alma.41SLSP_UGE:991000044459705502</identifier><datestamp>2024-10-25T00:07:29Z</datestamp><setSpec>uge_bcen_RapidILL_BOOK</setSpec><setSpec>uge_aaca_RapidILL_BOOK</setSpec><setSpec>uge_abels_RapidILL_BOOK</setSpec><setSpec>uge_dbu_RapidILL_BOOK</setSpec><setSpec>uge_cmu_RapidILL_BOOK</setSpec><setSpec>uge_mail_RapidILL_BOOK</setSpec><setSpec>uge_abbat_RapidILL_BOOK</setSpec><setSpec>UNIGE_ALL</setSpec><setSpec>uge_acar_RapidILL_BOOK</setSpec><setSpec>uge_aobs_RapidILL_BOOK</setSpec></header><metadata>
<record xmlns="http://www.loc.gov/MARC21/slim" xmlns:xsi="http://www.w3.org/2001/XMLSchema-instance" xsi:schemaLocation="http://www.loc.gov/MARC21/slim http://www.loc.gov/standards/marcxml/schema/MARC21slim.xsd"><leader>03116nam a2200553 c 4500</leader><controlfield tag="001">991000044459705502</controlfield><controlfield tag="005">20230208194636.0</controlfield><controlfield tag="008">201011s1998    sz ||||| |||| 00| ||fre d</controlfield><datafield ind1=" " ind2=" " tag="019"><subfield code="a">Datenimport aus BIBDIA ZB Solothurn</subfield><subfield code="5">IDSBB/09.01.2019/A150/bmt</subfield></datafield><datafield ind1=" " ind2=" " tag="035"><subfield code="a">(swissbib)22690573X-41slsp_network</subfield></datafield><datafield ind1=" " ind2=" " tag="035"><subfield code="a">22690573X</subfield><subfield code="9">ExL</subfield></datafield><datafield ind1=" " ind2=" " tag="035"><subfield code="a">(RERO)R242247860-41slsp</subfield></datafield><datafield ind1=" " ind2=" " tag="035"><subfield code="a">(IDSLU)000126930ILU01</subfield></datafield><datafield ind1=" " ind2=" " tag="035"><subfield code="a">(IDSBB)006936351DSV01</subfield></datafield><datafield ind1=" " ind2=" " tag="035"><subfield code="a">(EXLNZ-41SLSP_NETWORK)991007321269705501</subfield></datafield><datafield ind1=" " ind2=" " tag="040"><subfield code="a">RERO geulhg</subfield><subfield code="d">CH-ZuSLS</subfield></datafield><datafield ind1=" " ind2=" " tag="044"><subfield code="a">sz</subfield><subfield code="c">ch-ju</subfield></datafield><datafield ind1=" " ind2="7" tag="072"><subfield code="a">ht</subfield><subfield code="2">rero</subfield></datafield><datafield ind1=" " ind2="7" tag="072"><subfield code="a">660</subfield><subfield code="2">IDS LU</subfield></datafield><datafield ind1="1" ind2=" " tag="100"><subfield code="a">Paupe, Aline</subfield><subfield code="0">(IDREF)13924560X</subfield><subfield code="4">cre</subfield></datafield><datafield ind1="1" ind2="0" tag="245"><subfield code="a">&quot;Quelques délits de la chair&quot;</subfield><subfield code="b">perception et répression des délits contre les moeurs dans les seigneuries des Franches-Montagnes et de Saint-Ursanne au XVIIIe siècle</subfield><subfield code="c">Aline Paupe ; préf. de Michel Porret</subfield></datafield><datafield ind1=" " ind2="1" tag="264"><subfield code="a">[Porrentruy]</subfield><subfield code="b">Cercle d'études historiques de la Société jurassienne d'émulation</subfield><subfield code="c">1998</subfield></datafield><datafield ind1=" " ind2=" " tag="300"><subfield code="a">117 p.</subfield><subfield code="b">cartes</subfield><subfield code="c">21 cm</subfield></datafield><datafield ind1=" " ind2=" " tag="336"><subfield code="b">txt</subfield><subfield code="2">rdacontent</subfield></datafield><datafield ind1=" " ind2=" " tag="337"><subfield code="b">n</subfield><subfield code="2">rdamedia</subfield></datafield><datafield ind1=" " ind2=" " tag="338"><subfield code="b">nc</subfield><subfield code="2">rdacarrier</subfield></datafield><datafield ind1="1" ind2=" " tag="490"><subfield code="a">Cahiers d'études historiques</subfield><subfield code="v">No. 3</subfield></datafield><datafield ind1=" " ind2=" " tag="500"><subfield code="a">Texte légèrement remanié du mémoire de licence intitulé &quot;Perception et répression de la déviance sexuelle dans les seigneuries des Franches-Montagnes et de Saint-Ursanne au 18e siècle&quot;, présenté par l'auteur à l'Université de Neuchâtel en 1990</subfield></datafield><datafield ind1=" " ind2=" " tag="500"><subfield code="a">Zugl. Lizentiatsarbeit Neuenburg, 1990 u.d.T.: Perception et répression de la déviance sexuelle dans les seigneuries des Franches-Montagnes e de Saint-Ursanne au 18e siècle</subfield></datafield><datafield ind1=" " ind2="7" tag="650"><subfield code="a">infraction contre les moeurs</subfield><subfield code="0">(RERO)A009952661</subfield><subfield code="2">rerovoc</subfield></datafield><datafield ind1=" " ind2="7" tag="650"><subfield code="a">Justice</subfield><subfield code="0">(IDREF)027262243</subfield><subfield code="2">idref</subfield></datafield><datafield ind1=" " ind2="7" tag="650"><subfield code="a">Sexualité</subfield><subfield code="0">(IDREF)027248720</subfield><subfield code="2">idref</subfield></datafield><datafield ind1=" " ind2="7" tag="650"><subfield code="a">18e siècle</subfield><subfield code="0">(IDREF)027794512</subfield><subfield code="2">idref</subfield></datafield><datafield ind1=" " ind2="7" tag="651"><subfield code="a">Franches-Montagnes (Jura, Suisse)</subfield><subfield code="0">(IDREF)25887421X</subfield><subfield code="2">idref</subfield></datafield><datafield ind1=" " ind2="7" tag="651"><subfield code="a">Saint-Ursanne (Suisse, prévôté, JU)</subfield><subfield code="0">(RERO)A010145042</subfield><subfield code="2">rero</subfield></datafield><datafield ind1=" " ind2=" " tag="690"><subfield code="a">Sexualdelinquenz. Schweiz: St. Ursanne-Probstei. Geschichte. 18. Jh.</subfield><subfield code="2">rzs-L1</subfield></datafield><datafield ind1=" " ind2=" " tag="690"><subfield code="a">Sexualdelinquenz. Schweiz: Freiberge. Geschichte. 18. Jh.</subfield><subfield code="2">rzs-L1</subfield></datafield><datafield ind1=" " ind2=" " tag="690"><subfield code="a">Kontrolle, soziale. Schweiz: Freiberge. Geschichte. 18. Jh., B: Sexualdelinquenz</subfield><subfield code="2">rzs-L1</subfield></datafield><datafield ind1=" " ind2=" " tag="690"><subfield code="a">Kontrolle, soziale. Schweiz: St. Ursanne-Probstei. Geschichte. 18. Jh., B: Sexualdelinquenz</subfield><subfield code="2">rzs-L1</subfield></datafield><datafield ind1=" " ind2=" " tag="690"><subfield code="a">Strafrechtspflege. Schweiz: Freiberge. Geschichte. 18. Jh., B: Sexualdelinquenz</subfield><subfield code="2">rzs-L1</subfield></datafield><datafield ind1=" " ind2=" " tag="690"><subfield code="a">Strafrechtspflege. Schweiz: St. Ursanne-Probstei. Geschichte. 18. Jh., B: Sexualdelinquenz</subfield><subfield code="2">rzs-L1</subfield></datafield><datafield ind1=" " ind2=" " tag="690"><subfield code="a">Sexualpolitik. Schweiz: St. Ursanne-Probstei. Geschichte. 18. Jh.</subfield><subfield code="2">rzs-L1</subfield></datafield><datafield ind1=" " ind2=" " tag="690"><subfield code="a">Sexualpolitik. Schweiz: Freiberge. Geschichte. 18. Jh.</subfield><subfield code="2">rzs-L1</subfield></datafield><datafield ind1=" " ind2=" " tag="690"><subfield code="a">Jura (Kt.). Geschichte</subfield><subfield code="2">rzs-L2</subfield></datafield><datafield ind1=" " ind2=" " tag="690"><subfield code="a">Freiberge : Strafrecht</subfield><subfield code="2">zbs-FS</subfield></datafield><datafield ind1=" " ind2=" " tag="690"><subfield code="a">Saint-Ursanne (Region) : Strafrecht</subfield><subfield code="2">zbs-FS</subfield></datafield><datafield ind1="1" ind2=" " tag="700"><subfield code="a">Porret, Michel</subfield><subfield code="d">1955-....</subfield><subfield code="0">(IDREF)033150915</subfield></datafield><datafield ind1=" " ind2="0" tag="830"><subfield code="a">CEH - Cahiers d'études historiques</subfield><subfield code="v">3</subfield><subfield code="w">(RERO)2036240-41slsp</subfield></datafield><datafield ind1=" " ind2="0" tag="830"><subfield code="a">Cahiers d'études historiques</subfield><subfield code="v">3</subfield><subfield code="w">(IDSLU)000175969ILU01</subfield></datafield><datafield ind1=" " ind2=" " tag="900"><subfield code="a">REROnoselfmerge</subfield></datafield></record>
</metadata></record>