<record><header><identifier>oai:alma.41SLSP_UGE:991000044789705502</identifier><datestamp>2023-03-01T01:09:23Z</datestamp><setSpec>uge_bcen_RapidILL_BOOK</setSpec><setSpec>uge_aaca_RapidILL_BOOK</setSpec><setSpec>uge_abels_RapidILL_BOOK</setSpec><setSpec>uge_dbu_RapidILL_BOOK</setSpec><setSpec>uge_cmu_RapidILL_BOOK</setSpec><setSpec>uge_mail_RapidILL_BOOK</setSpec><setSpec>UNIGE_ALL</setSpec><setSpec>uge_abbat_RapidILL_BOOK</setSpec><setSpec>uge_acar_RapidILL_BOOK</setSpec><setSpec>uge_aobs_RapidILL_BOOK</setSpec></header><metadata>
<record xmlns="http://www.loc.gov/MARC21/slim" xmlns:xsi="http://www.w3.org/2001/XMLSchema-instance" xsi:schemaLocation="http://www.loc.gov/MARC21/slim http://www.loc.gov/standards/marcxml/schema/MARC21slim.xsd"><leader>01495nam a2200373 c 4500</leader><controlfield tag="001">991000044789705502</controlfield><controlfield tag="005">20230116184640.0</controlfield><controlfield tag="008">000721s1987    fr ||||| |||| 10| ||eng d</controlfield><datafield ind1=" " ind2=" " tag="020"><subfield code="a">2863320505</subfield></datafield><datafield ind1=" " ind2=" " tag="035"><subfield code="a">(swissbib)083091068-41slsp_network</subfield></datafield><datafield ind1=" " ind2=" " tag="035"><subfield code="a">083091068</subfield><subfield code="9">ExL</subfield></datafield><datafield ind1=" " ind2=" " tag="035"><subfield code="a">(RERO)1022249-41slsp</subfield></datafield><datafield ind1=" " ind2=" " tag="035"><subfield code="a">(EXLNZ-41SLSP_NETWORK)991034947819705501</subfield></datafield><datafield ind1=" " ind2=" " tag="040"><subfield code="a">RERO geussp</subfield><subfield code="d">CH-ZuSLS</subfield></datafield><datafield ind1=" " ind2="7" tag="072"><subfield code="a">py</subfield><subfield code="2">rero</subfield></datafield><datafield ind1="0" ind2="0" tag="245"><subfield code="a">Starbursts and galaxy evolution</subfield><subfield code="b">XXII Rencontres de Moriond, [Seventh] Moriond Astrophysics Meeting, Les Arcs, Savoie, France, March 8-15, 1987</subfield><subfield code="c">ed. by Trinh Xuan Thuan, T. Montmerle and J. Tran Thanh Van</subfield></datafield><datafield ind1=" " ind2="1" tag="264"><subfield code="a">Gif sur Yvette</subfield><subfield code="b">Ed. Frontières</subfield><subfield code="c">[1987]</subfield></datafield><datafield ind1=" " ind2="4" tag="264"><subfield code="c">© 1987</subfield></datafield><datafield ind1=" " ind2=" " tag="300"><subfield code="a">XII, 607 p.</subfield><subfield code="b">ill.</subfield><subfield code="c">26 cm</subfield></datafield><datafield ind1=" " ind2=" " tag="336"><subfield code="b">txt</subfield><subfield code="2">rdacontent</subfield></datafield><datafield ind1=" " ind2=" " tag="337"><subfield code="b">n</subfield><subfield code="2">rdamedia</subfield></datafield><datafield ind1=" " ind2=" " tag="338"><subfield code="b">nc</subfield><subfield code="2">rdacarrier</subfield></datafield><datafield ind1="1" ind2=" " tag="490"><subfield code="a">Moriond series</subfield><subfield code="v">55</subfield></datafield><datafield ind1=" " ind2=" " tag="500"><subfield code="a">Contient un avant propos en français</subfield></datafield><datafield ind1=" " ind2=" " tag="500"><subfield code="a">Congrès de physique. Les Arcs. 1987</subfield></datafield><datafield ind1=" " ind2=" " tag="504"><subfield code="a">Bibliogr</subfield></datafield><datafield ind1=" " ind2="7" tag="650"><subfield code="a">formation stellaire</subfield><subfield code="0">(RERO)A009952568</subfield><subfield code="2">rerovoc</subfield></datafield><datafield ind1=" " ind2="7" tag="650"><subfield code="a">évolution galactique</subfield><subfield code="0">(RERO)A009988764</subfield><subfield code="2">rerovoc</subfield></datafield><datafield ind1=" " ind2="7" tag="655"><subfield code="a">Actes de congrès</subfield><subfield code="0">(IDREF)02886431X</subfield><subfield code="2">idref</subfield></datafield><datafield ind1="1" ind2=" " tag="700"><subfield code="a">Trinh, Xuan Thuan</subfield><subfield code="d">1948-....</subfield><subfield code="0">(IDREF)029498015</subfield></datafield><datafield ind1="1" ind2=" " tag="700"><subfield code="a">Trâǹ, Jean Thanh Vân</subfield><subfield code="d">1936-....</subfield><subfield code="0">(IDREF)027167992</subfield></datafield><datafield ind1="2" ind2=" " tag="711"><subfield code="a">Rencontre de Moriond</subfield><subfield code="n">22</subfield><subfield code="d">1987</subfield><subfield code="0">(RERO)A012499530</subfield></datafield><datafield ind1="2" ind2=" " tag="711"><subfield code="a">Moriond astrophysics meeting</subfield><subfield code="n">07</subfield><subfield code="d">1987</subfield><subfield code="0">(IDREF)164314245</subfield></datafield><datafield ind1=" " ind2="0" tag="830"><subfield code="a">Moriond Series</subfield><subfield code="v">55</subfield><subfield code="w">(RERO)0596872-41slsp</subfield></datafield><datafield ind1=" " ind2=" " tag="900"><subfield code="a">REROnoselfmerge</subfield></datafield><datafield ind1=" " ind2=" " tag="961"><subfield code="2">ge-obs</subfield><subfield code="a">24.2</subfield><subfield code="9">LOCAL</subfield></datafield><datafield ind1=" " ind2=" " tag="961"><subfield code="2">ge-obs</subfield><subfield code="a">23.3</subfield><subfield code="9">LOCAL</subfield></datafield></record>
</metadata></record>