<record><header><identifier>oai:alma.41SLSP_UGE:991000051249705502</identifier><datestamp>2023-03-01T01:09:23Z</datestamp><setSpec>uge_bcen_RapidILL_BOOK</setSpec><setSpec>uge_aaca_RapidILL_BOOK</setSpec><setSpec>uge_abels_RapidILL_BOOK</setSpec><setSpec>uge_dbu_RapidILL_BOOK</setSpec><setSpec>uge_cmu_RapidILL_BOOK</setSpec><setSpec>uge_mail_RapidILL_BOOK</setSpec><setSpec>UNIGE_ALL</setSpec><setSpec>uge_abbat_RapidILL_BOOK</setSpec><setSpec>uge_aobs_RapidILL_BOOK</setSpec><setSpec>uge_acar_RapidILL_BOOK</setSpec></header><metadata>
<record xmlns="http://www.loc.gov/MARC21/slim" xmlns:xsi="http://www.w3.org/2001/XMLSchema-instance" xsi:schemaLocation="http://www.loc.gov/MARC21/slim http://www.loc.gov/standards/marcxml/schema/MARC21slim.xsd"><leader>01055nam a2200289 c 4500</leader><controlfield tag="001">991000051249705502</controlfield><controlfield tag="005">20211120222305.0</controlfield><controlfield tag="008">060405s2003    sp ||||| |||| 00| ||spa d</controlfield><datafield ind1=" " ind2=" " tag="020"><subfield code="a">8478125698</subfield></datafield><datafield ind1=" " ind2=" " tag="035"><subfield code="a">(swissbib)10345716X-41slsp_network</subfield></datafield><datafield ind1=" " ind2=" " tag="035"><subfield code="a">10345716X</subfield><subfield code="9">ExL</subfield></datafield><datafield ind1=" " ind2=" " tag="035"><subfield code="a">(RERO)R004103471-41slsp</subfield></datafield><datafield ind1=" " ind2=" " tag="035"><subfield code="a">(EXLNZ-41SLSP_NETWORK)991155114499705501</subfield></datafield><datafield ind1=" " ind2=" " tag="040"><subfield code="a">RERO geules</subfield><subfield code="d">CH-ZuSLS</subfield></datafield><datafield ind1=" " ind2="7" tag="072"><subfield code="a">es</subfield><subfield code="2">rero</subfield></datafield><datafield ind1="1" ind2=" " tag="100"><subfield code="a">Alberti, Rafael</subfield><subfield code="d">1902-1999</subfield><subfield code="0">(IDREF)026648202</subfield><subfield code="4">cre</subfield></datafield><datafield ind1="1" ind2="0" tag="245"><subfield code="a">Cal y canto</subfield><subfield code="c">Rafael Alberti ; il. de Pelayo Ortega ; ed. de Francisco Díaz de Castro</subfield></datafield><datafield ind1=" " ind2="1" tag="264"><subfield code="a">Madrid</subfield><subfield code="b">Ayuntamiento de Madrid</subfield><subfield code="c">2003</subfield></datafield><datafield ind1=" " ind2=" " tag="300"><subfield code="a">2 vol. sous emboîtage</subfield><subfield code="b">ill.</subfield><subfield code="c">22 cm</subfield></datafield><datafield ind1=" " ind2=" " tag="336"><subfield code="b">txt</subfield><subfield code="2">rdacontent</subfield></datafield><datafield ind1=" " ind2=" " tag="337"><subfield code="b">n</subfield><subfield code="2">rdamedia</subfield></datafield><datafield ind1=" " ind2=" " tag="338"><subfield code="b">nc</subfield><subfield code="2">rdacarrier</subfield></datafield><datafield ind1="0" ind2=" " tag="505"><subfield code="a">Vol. [1]: Cal y canto / Rafael Alberti</subfield></datafield><datafield ind1="0" ind2=" " tag="505"><subfield code="a">Vol. [2]: Cal y canto, emblema del 27 / Francisco Díaz de Castro</subfield></datafield><datafield ind1="1" ind2="7" tag="600"><subfield code="a">Alberti, Rafael.</subfield><subfield code="t">Cal y canto</subfield><subfield code="0">(RERO)A012718176</subfield><subfield code="2">rero</subfield></datafield><datafield ind1="1" ind2=" " tag="700"><subfield code="a">Díaz de Castro, Francisco J</subfield><subfield code="0">(RERO)A000054249</subfield></datafield><datafield ind1="1" ind2=" " tag="700"><subfield code="a">Ortega, Pelayo</subfield><subfield code="0">(RERO)A012058289</subfield></datafield><datafield ind1=" " ind2=" " tag="900"><subfield code="a">REROnoselfmerge</subfield></datafield><datafield ind1=" " ind2=" " tag="993"><subfield code="a">BFLA 188468</subfield><subfield code="x">ge/ules/a/04/484/1-2</subfield><subfield code="9">LOCAL</subfield></datafield></record>
</metadata></record>