<record><header><identifier>oai:alma.41SLSP_UGE:991000044999705502</identifier><datestamp>2023-03-01T01:09:23Z</datestamp><setSpec>uge_bcen_RapidILL_BOOK</setSpec><setSpec>uge_aaca_RapidILL_BOOK</setSpec><setSpec>uge_abels_RapidILL_BOOK</setSpec><setSpec>uge_dbu_RapidILL_BOOK</setSpec><setSpec>uge_cmu_RapidILL_BOOK</setSpec><setSpec>uge_mail_RapidILL_BOOK</setSpec><setSpec>UNIGE_ALL</setSpec><setSpec>uge_abbat_RapidILL_BOOK</setSpec><setSpec>uge_acar_RapidILL_BOOK</setSpec><setSpec>uge_aobs_RapidILL_BOOK</setSpec></header><metadata>
<record xmlns="http://www.loc.gov/MARC21/slim" xmlns:xsi="http://www.w3.org/2001/XMLSchema-instance" xsi:schemaLocation="http://www.loc.gov/MARC21/slim http://www.loc.gov/standards/marcxml/schema/MARC21slim.xsd"><leader>02852nam a2200649 c 4500</leader><controlfield tag="001">991000044999705502</controlfield><controlfield tag="005">20220922065335.0</controlfield><controlfield tag="008">201012s2003    xxc||||| |||| 00| ||fre d</controlfield><datafield ind1=" " ind2=" " tag="020"><subfield code="a">2921592258</subfield></datafield><datafield ind1=" " ind2=" " tag="035"><subfield code="a">(swissbib)233670505-41slsp_network</subfield></datafield><datafield ind1=" " ind2=" " tag="035"><subfield code="a">233670505</subfield><subfield code="9">ExL</subfield></datafield><datafield ind1=" " ind2=" " tag="035"><subfield code="a">(RERO)R003884801-41slsp</subfield></datafield><datafield ind1=" " ind2=" " tag="035"><subfield code="a">(NEBIS)004822099EBI01</subfield></datafield><datafield ind1=" " ind2=" " tag="035"><subfield code="a">(EXLNZ-41SLSP_NETWORK)991122694059705501</subfield></datafield><datafield ind1=" " ind2=" " tag="040"><subfield code="a">RERO geulhg</subfield><subfield code="d">CH-ZuSLS</subfield></datafield><datafield ind1="1" ind2=" " tag="041"><subfield code="a">fre</subfield><subfield code="h">lat</subfield></datafield><datafield ind1=" " ind2="7" tag="072"><subfield code="a">th</subfield><subfield code="2">rero</subfield></datafield><datafield ind1=" " ind2="7" tag="072"><subfield code="a">hm</subfield><subfield code="2">rero</subfield></datafield><datafield ind1="0" ind2="4" tag="082"><subfield code="a">282.092</subfield><subfield code="2">23</subfield></datafield><datafield ind1="0" ind2="4" tag="082"><subfield code="a">274.1</subfield><subfield code="2">22</subfield></datafield><datafield ind1="1" ind2="4" tag="082"><subfield code="a">271.12</subfield></datafield><datafield ind1="1" ind2=" " tag="100"><subfield code="a">Walterus Daniel</subfield><subfield code="d">11..-1170</subfield><subfield code="0">(IDREF)032771894</subfield><subfield code="4">cre</subfield></datafield><datafield ind1="1" ind2="0" tag="245"><subfield code="a">&lt;&lt;La&gt;&gt; vie d'Aelred, Abbé de Rievaulx</subfield><subfield code="c">Walter Daniel ; introd., trad., notes et index par Pierre-André Burton</subfield></datafield><datafield ind1=" " ind2="1" tag="264"><subfield code="a">Oka</subfield><subfield code="b">Abbaye cistercienne de Notre-Dame-du-Lac</subfield><subfield code="a">Paris</subfield><subfield code="b">Les éditions du Cerf</subfield><subfield code="c">2003</subfield></datafield><datafield ind1=" " ind2=" " tag="300"><subfield code="a">234 p.</subfield><subfield code="c">21 cm</subfield></datafield><datafield ind1=" " ind2=" " tag="336"><subfield code="b">txt</subfield><subfield code="2">rdacontent</subfield></datafield><datafield ind1=" " ind2=" " tag="337"><subfield code="b">n</subfield><subfield code="2">rdamedia</subfield></datafield><datafield ind1=" " ind2=" " tag="338"><subfield code="b">nc</subfield><subfield code="2">rdacarrier</subfield></datafield><datafield ind1="1" ind2=" " tag="490"><subfield code="a">Pain de Cîteaux. Série 3</subfield><subfield code="v">No 19</subfield></datafield><datafield ind1=" " ind2=" " tag="500"><subfield code="a">Indes des citations bibliques, index des sources non bibliques, index des noms propres, index des principaux thèmes</subfield></datafield><datafield ind1=" " ind2=" " tag="500"><subfield code="a">Originaltitel: Vita Ailredi (Originaltitel des ersten enth. Werkes)</subfield></datafield><datafield ind1=" " ind2=" " tag="504"><subfield code="a">Bibliographie: p. 35-41</subfield></datafield><datafield ind1="0" ind2="0" tag="505"><subfield code="t">Vie de saint Ælred de Rievaulx</subfield><subfield code="t">Lamentation pour la mort d'Ælred</subfield><subfield code="t">Lettre à Maurice</subfield></datafield><datafield ind1="4" ind2=" " tag="510"><subfield code="a">Cahiers de civilisation médiévale. - Poitiers. - 48e année - avril-juin 2005, p. 167-168 (Françoise Callerot)</subfield></datafield><datafield ind1="0" ind2="7" tag="600"><subfield code="a">Aelred</subfield><subfield code="c">saint</subfield><subfield code="d">1109?-1166</subfield><subfield code="0">(IDREF)028024214</subfield><subfield code="2">idref</subfield></datafield><datafield ind1="0" ind2="7" tag="600"><subfield code="a">Aelred (von Rievaulx)</subfield><subfield code="2">idszbz</subfield></datafield><datafield ind1="0" ind2="0" tag="600"><subfield code="a">Aelred</subfield><subfield code="c">of Rievaulx, Saint</subfield><subfield code="d">1110-1167</subfield></datafield><datafield ind1="2" ind2="0" tag="610"><subfield code="a">Cistercians</subfield></datafield><datafield ind1="2" ind2="0" tag="610"><subfield code="a">Cistercians</subfield><subfield code="z">England</subfield><subfield code="v">Biography</subfield></datafield><datafield ind1=" " ind2="0" tag="650"><subfield code="a">Abbots</subfield><subfield code="z">England</subfield></datafield><datafield ind1=" " ind2="0" tag="650"><subfield code="a">Abbots</subfield><subfield code="z">England</subfield><subfield code="v">Biography</subfield></datafield><datafield ind1=" " ind2="0" tag="650"><subfield code="a">Christian saints</subfield><subfield code="z">England</subfield></datafield><datafield ind1=" " ind2="0" tag="650"><subfield code="a">Christian saints</subfield><subfield code="z">England</subfield><subfield code="v">Biography</subfield></datafield><datafield ind1=" " ind2="0" tag="650"><subfield code="a">Church history</subfield><subfield code="y">Middle Ages, 600-1500</subfield></datafield><datafield ind1=" " ind2="7" tag="655"><subfield code="a">[document]</subfield><subfield code="2">rerovoc</subfield><subfield code="0">(RERO)A010182398</subfield></datafield><datafield ind1="0" ind2=" " tag="700"><subfield code="a">Gualterus</subfield><subfield code="c">Danielis</subfield><subfield code="d">-1170</subfield><subfield code="0">(DE-588)100939732</subfield></datafield><datafield ind1="0" ind2="2" tag="700"><subfield code="a">Gualterus</subfield><subfield code="c">Danielis</subfield><subfield code="d">-1170</subfield><subfield code="t">Vie de saint Ælred de Rievaulx</subfield></datafield><datafield ind1="0" ind2="2" tag="700"><subfield code="a">Gualterus</subfield><subfield code="c">Danielis</subfield><subfield code="d">-1170</subfield><subfield code="t">Lamentation pour la mort d'Ælred</subfield></datafield><datafield ind1="0" ind2="2" tag="700"><subfield code="a">Gualterus</subfield><subfield code="c">Danielis</subfield><subfield code="d">-1170</subfield><subfield code="t">Lettre à Maurice</subfield></datafield><datafield ind1="1" ind2="2" tag="700"><subfield code="a">Daniel, Walter</subfield><subfield code="t">Vie de saint Aelred de Rievaulx</subfield></datafield><datafield ind1="1" ind2="2" tag="700"><subfield code="a">Daniel, Walter</subfield><subfield code="t">Lamentation pour la mort d'Aelred</subfield></datafield><datafield ind1="1" ind2="2" tag="700"><subfield code="a">Daniel, Walter</subfield><subfield code="t">Lettre à Maurice</subfield></datafield><datafield ind1="1" ind2=" " tag="700"><subfield code="a">Burton, Pierre-André</subfield><subfield code="d">1963-</subfield><subfield code="0">(DE-588)1043840931</subfield><subfield code="6">880-05</subfield></datafield><datafield ind1="1" ind2=" " tag="880"><subfield code="6">700-05</subfield><subfield code="a">Burton, Pierre-André</subfield><subfield code="d">1963-....</subfield><subfield code="0">(IDREF)050659375</subfield></datafield><datafield ind1=" " ind2=" " tag="830"><subfield code="a">Pain de Cîteaux</subfield><subfield code="p">Série 3</subfield><subfield code="v">19</subfield><subfield code="w">(RERO)1292944-41slsp</subfield></datafield><datafield ind1=" " ind2=" " tag="830"><subfield code="a">Pain de Cîteaux</subfield><subfield code="n">Série 3</subfield><subfield code="v">19</subfield><subfield code="w">(NEBIS)001819219EBI01</subfield></datafield><datafield ind1=" " ind2=" " tag="900"><subfield code="a">REROnoselfmerge</subfield></datafield><datafield ind1=" " ind2=" " tag="900"><subfield code="a">IDSZ2zbzmon200502e</subfield><subfield code="c">IDSZ2kelr</subfield><subfield code="d">IDSZ2zbzswk200503b</subfield><subfield code="e">IDSZ2haag</subfield></datafield></record>
</metadata></record>