<record><header><identifier>oai:alma.41SLSP_UGE:991000028809705502</identifier><datestamp>2023-04-10T00:46:48Z</datestamp><setSpec>uge_bcen_RapidILL_BOOK</setSpec><setSpec>uge_aaca_RapidILL_BOOK</setSpec><setSpec>uge_abels_RapidILL_BOOK</setSpec><setSpec>uge_dbu_RapidILL_BOOK</setSpec><setSpec>uge_cmu_RapidILL_BOOK</setSpec><setSpec>uge_mail_RapidILL_BOOK</setSpec><setSpec>uge_abbat_RapidILL_BOOK</setSpec><setSpec>UNIGE_ALL</setSpec><setSpec>uge_aobs_RapidILL_BOOK</setSpec><setSpec>uge_acar_RapidILL_BOOK</setSpec></header><metadata>
<record xmlns="http://www.loc.gov/MARC21/slim" xmlns:xsi="http://www.w3.org/2001/XMLSchema-instance" xsi:schemaLocation="http://www.loc.gov/MARC21/slim http://www.loc.gov/standards/marcxml/schema/MARC21slim.xsd"><leader>00881nam a2200253 c 4500</leader><controlfield tag="001">991000028809705502</controlfield><controlfield tag="005">20230409172806.0</controlfield><controlfield tag="008">901123s1881    gw ||||| |||| 00| ||lat d</controlfield><datafield ind1=" " ind2=" " tag="035"><subfield code="a">(swissbib)085137855-41slsp_network</subfield></datafield><datafield ind1=" " ind2=" " tag="035"><subfield code="a">085137855</subfield><subfield code="9">ExL</subfield></datafield><datafield ind1=" " ind2=" " tag="035"><subfield code="a">(RERO)1313439-41slsp</subfield></datafield><datafield ind1=" " ind2=" " tag="035"><subfield code="a">(EXLNZ-41SLSP_NETWORK)991064705509705501</subfield></datafield><datafield ind1=" " ind2=" " tag="040"><subfield code="a">RERO geulfr</subfield><subfield code="d">CH-ZuSLS</subfield></datafield><datafield ind1=" " ind2="7" tag="072"><subfield code="a">la</subfield><subfield code="2">rero</subfield></datafield><datafield ind1="1" ind2=" " tag="100"><subfield code="a">Preuss, Siegmund</subfield><subfield code="c">latiniste</subfield><subfield code="d">1854-....</subfield><subfield code="0">(IDREF)085812315</subfield><subfield code="4">cre</subfield></datafield><datafield ind1="1" ind2="0" tag="245"><subfield code="a">De bimembris dissoluti apud scriptores Romanos usu sollemni</subfield><subfield code="c">scripsit Siegismundus Preuss</subfield></datafield><datafield ind1=" " ind2="1" tag="264"><subfield code="a">Edenkoben</subfield><subfield code="b">Typis Mietensii</subfield><subfield code="c">1881</subfield></datafield><datafield ind1=" " ind2=" " tag="300"><subfield code="a">123 p.</subfield><subfield code="c">22 cm</subfield></datafield><datafield ind1=" " ind2=" " tag="336"><subfield code="b">txt</subfield><subfield code="2">rdacontent</subfield></datafield><datafield ind1=" " ind2=" " tag="337"><subfield code="b">n</subfield><subfield code="2">rdamedia</subfield></datafield><datafield ind1=" " ind2=" " tag="338"><subfield code="b">nc</subfield><subfield code="2">rdacarrier</subfield></datafield><datafield ind1=" " ind2="7" tag="650"><subfield code="a">Latin (langue)</subfield><subfield code="0">(IDREF)027278220</subfield><subfield code="2">idref</subfield></datafield><datafield ind1=" " ind2="7" tag="650"><subfield code="a">Syntaxe</subfield><subfield code="0">(IDREF)028630653</subfield><subfield code="2">idref</subfield></datafield><datafield ind1=" " ind2="7" tag="650"><subfield code="a">Conjonctions (linguistique)</subfield><subfield code="0">(IDREF)031737978</subfield><subfield code="2">idref</subfield></datafield><datafield ind1=" " ind2=" " tag="900"><subfield code="a">REROnoselfmerge</subfield></datafield></record>
</metadata></record>