<record><header><identifier>oai:alma.41SLSP_UGE:991000044469705502</identifier><datestamp>2023-03-01T01:09:23Z</datestamp><setSpec>uge_bcen_RapidILL_BOOK</setSpec><setSpec>uge_aaca_RapidILL_BOOK</setSpec><setSpec>uge_abels_RapidILL_BOOK</setSpec><setSpec>uge_dbu_RapidILL_BOOK</setSpec><setSpec>uge_cmu_RapidILL_BOOK</setSpec><setSpec>uge_mail_RapidILL_BOOK</setSpec><setSpec>UNIGE_ALL</setSpec><setSpec>uge_abbat_RapidILL_BOOK</setSpec><setSpec>uge_aobs_RapidILL_BOOK</setSpec><setSpec>uge_acar_RapidILL_BOOK</setSpec></header><metadata>
<record xmlns="http://www.loc.gov/MARC21/slim" xmlns:xsi="http://www.w3.org/2001/XMLSchema-instance" xsi:schemaLocation="http://www.loc.gov/MARC21/slim http://www.loc.gov/standards/marcxml/schema/MARC21slim.xsd"><leader>02240nam a2200529 c 4500</leader><controlfield tag="001">991000044469705502</controlfield><controlfield tag="005">20210206203141.0</controlfield><controlfield tag="008">201011s2015    nyua     |||| 000 1 eng| </controlfield><datafield ind1=" " ind2=" " tag="010"><subfield code="a">2014049062</subfield></datafield><datafield ind1=" " ind2=" " tag="020"><subfield code="a">0374226636</subfield><subfield code="q">hardcover</subfield></datafield><datafield ind1=" " ind2=" " tag="020"><subfield code="z">9780374713065</subfield><subfield code="q">ebook</subfield></datafield><datafield ind1=" " ind2=" " tag="020"><subfield code="a">9780374226633</subfield><subfield code="q">hardcover</subfield></datafield><datafield ind1=" " ind2=" " tag="020"><subfield code="a">9781250097149</subfield><subfield code="q">pbk.</subfield></datafield><datafield ind1=" " ind2=" " tag="035"><subfield code="a">(swissbib)224205641-41slsp_network</subfield></datafield><datafield ind1=" " ind2=" " tag="035"><subfield code="a">224205641</subfield><subfield code="9">ExL</subfield></datafield><datafield ind1=" " ind2=" " tag="035"><subfield code="a">(NEBIS)010711871EBI01</subfield></datafield><datafield ind1=" " ind2=" " tag="035"><subfield code="a">(RERO)R008564712-41slsp</subfield></datafield><datafield ind1=" " ind2=" " tag="035"><subfield code="a">(OCoLC)899073409</subfield></datafield><datafield ind1=" " ind2=" " tag="035"><subfield code="a">(EXLNZ-41SLSP_NETWORK)991134108649705501</subfield></datafield><datafield ind1=" " ind2=" " tag="040"><subfield code="a">DLC</subfield><subfield code="b">ger</subfield><subfield code="e">rda</subfield><subfield code="d">CH-ZuSLS</subfield></datafield><datafield ind1=" " ind2=" " tag="042"><subfield code="a">pcc</subfield></datafield><datafield ind1="0" ind2="0" tag="050"><subfield code="a">PR9369.4.D68</subfield><subfield code="b">A6 2015</subfield></datafield><datafield ind1=" " ind2="7" tag="072"><subfield code="a">an</subfield><subfield code="2">rero</subfield></datafield><datafield ind1="0" ind2="0" tag="082"><subfield code="a">823/.92</subfield><subfield code="2">23</subfield></datafield><datafield ind1=" " ind2=" " tag="084"><subfield code="a">FIC029000</subfield><subfield code="2">bisacsh</subfield></datafield><datafield ind1="1" ind2=" " tag="100"><subfield code="a">Dovey, Ceridwen</subfield><subfield code="d">1981-</subfield><subfield code="0">(DE-588)139325883</subfield><subfield code="e">Verfasser</subfield><subfield code="4">aut</subfield><subfield code="6">880-01</subfield></datafield><datafield ind1="1" ind2=" " tag="880"><subfield code="6">100-01</subfield><subfield code="a">Dovey, Ceridwen</subfield><subfield code="d">1980-....</subfield><subfield code="0">(IDREF)127856706</subfield><subfield code="4">cre</subfield></datafield><datafield ind1="1" ind2="0" tag="245"><subfield code="a">Only the animals</subfield><subfield code="c">Ceridwen Dovey</subfield></datafield><datafield ind1=" " ind2=" " tag="250"><subfield code="a">First American edition</subfield></datafield><datafield ind1=" " ind2="1" tag="264"><subfield code="a">New York</subfield><subfield code="b">Farrar, Straus and Giroux</subfield><subfield code="c">2015</subfield></datafield><datafield ind1=" " ind2=" " tag="300"><subfield code="a">248 pages</subfield><subfield code="b">illustrations</subfield><subfield code="c">24 cm</subfield></datafield><datafield ind1=" " ind2=" " tag="336"><subfield code="b">txt</subfield><subfield code="2">rdacontent</subfield></datafield><datafield ind1=" " ind2=" " tag="337"><subfield code="b">n</subfield><subfield code="2">rdamedia</subfield></datafield><datafield ind1=" " ind2=" " tag="338"><subfield code="b">nc</subfield><subfield code="2">rdacarrier</subfield></datafield><datafield ind1=" " ind2=" " tag="520"><subfield code="a">&quot;The souls of ten animals caught up in human conflicts over the last century, and connected to both famous and little-known writers in surprising ways, tell their astonishing stories of life and death&quot;--</subfield><subfield code="c">Provided by publisher</subfield></datafield><datafield ind1=" " ind2="0" tag="650"><subfield code="a">Animals</subfield><subfield code="x">Psychological aspects</subfield><subfield code="v">Fiction</subfield></datafield><datafield ind1=" " ind2="0" tag="650"><subfield code="a">Human-animal relationships</subfield><subfield code="v">Fiction</subfield></datafield><datafield ind1=" " ind2="0" tag="650"><subfield code="a">Anthropomorphism</subfield><subfield code="v">Fiction</subfield></datafield><datafield ind1=" " ind2="7" tag="650"><subfield code="a">FICTION</subfield><subfield code="x">Short Stories (single author)</subfield><subfield code="2">bisacsh</subfield></datafield><datafield ind1=" " ind2="7" tag="650"><subfield code="a">FICTION</subfield><subfield code="x">Literary</subfield><subfield code="2">bisacsh</subfield></datafield><datafield ind1=" " ind2="7" tag="650"><subfield code="a">Animals</subfield><subfield code="x">Psychological aspects</subfield><subfield code="2">fast</subfield></datafield><datafield ind1=" " ind2="7" tag="650"><subfield code="a">Anthropomorphism</subfield><subfield code="2">fast</subfield></datafield><datafield ind1=" " ind2="7" tag="650"><subfield code="a">Human-animal relationships</subfield><subfield code="2">fast</subfield></datafield><datafield ind1=" " ind2="7" tag="655"><subfield code="a">Fiction</subfield><subfield code="2">fast</subfield></datafield><datafield ind1=" " ind2="7" tag="655"><subfield code="a">Short stories</subfield><subfield code="2">gsafd</subfield></datafield><datafield ind1=" " ind2=" " tag="900"><subfield code="a">IDSZ2mugmon201609p</subfield><subfield code="c">IDSZ2morg</subfield></datafield><datafield ind1=" " ind2=" " tag="900"><subfield code="a">REROnoselfmerge</subfield></datafield><datafield ind1=" " ind2=" " tag="912"><subfield code="a">The bones -- Pigeons, a pony, the tomcat and I -- Red Peter's little lady -- Hundstage -- Somewhere along the line the pearl would be handed to me -- Plautus: a memoir of my years on Earth and last days in space -- I, the elephant, wrote this -- Telling fairy tales -- A letter to Sylvia Plath -- Psittacophile</subfield></datafield></record>
</metadata></record>