<record><header><identifier>oai:alma.41SLSP_UGE:991000044369705502</identifier><datestamp>2023-03-01T01:09:23Z</datestamp><setSpec>uge_bcen_RapidILL_BOOK</setSpec><setSpec>uge_aaca_RapidILL_BOOK</setSpec><setSpec>uge_abels_RapidILL_BOOK</setSpec><setSpec>uge_dbu_RapidILL_BOOK</setSpec><setSpec>uge_cmu_RapidILL_BOOK</setSpec><setSpec>uge_mail_RapidILL_BOOK</setSpec><setSpec>UNIGE_ALL</setSpec><setSpec>uge_abbat_RapidILL_BOOK</setSpec><setSpec>uge_aobs_RapidILL_BOOK</setSpec><setSpec>uge_acar_RapidILL_BOOK</setSpec></header><metadata>
<record xmlns="http://www.loc.gov/MARC21/slim" xmlns:xsi="http://www.w3.org/2001/XMLSchema-instance" xsi:schemaLocation="http://www.loc.gov/MARC21/slim http://www.loc.gov/standards/marcxml/schema/MARC21slim.xsd"><leader>01247nam a2200289 c 4500</leader><controlfield tag="001">991000044369705502</controlfield><controlfield tag="005">20211106215815.0</controlfield><controlfield tag="008">000906s1886    fr ||||| |||| 00| ||fre d</controlfield><datafield ind1=" " ind2=" " tag="035"><subfield code="a">(swissbib)09517057X-41slsp_network</subfield></datafield><datafield ind1=" " ind2=" " tag="035"><subfield code="a">09517057X</subfield><subfield code="9">ExL</subfield></datafield><datafield ind1=" " ind2=" " tag="035"><subfield code="a">(RERO)R261996360-41slsp</subfield></datafield><datafield ind1=" " ind2=" " tag="035"><subfield code="a">(EXLNZ-41SLSP_NETWORK)991101254509705501</subfield></datafield><datafield ind1=" " ind2=" " tag="040"><subfield code="a">RERO gevbpu</subfield><subfield code="d">CH-ZuSLS</subfield></datafield><datafield ind1=" " ind2="7" tag="072"><subfield code="a">ar</subfield><subfield code="2">rero</subfield></datafield><datafield ind1="1" ind2=" " tag="100"><subfield code="a">Lefébure, Eugène</subfield><subfield code="0">(RERO)A003508367</subfield><subfield code="4">cre</subfield></datafield><datafield ind1="1" ind2="0" tag="245"><subfield code="a">&lt;&lt;Les&gt;&gt; hypogées royaux de Thèbes</subfield><subfield code="c">par G. [sic] Lefébure.</subfield><subfield code="n">Div. 1</subfield><subfield code="p">Le tombeau de Séti 1er / publ. in extenso avec la collab. de U. Bouriant et V. Loret ; et avec le concours de Ed. Naville</subfield></datafield><datafield ind1=" " ind2="1" tag="264"><subfield code="a">Paris</subfield><subfield code="b">E. Leroux</subfield><subfield code="c">1886</subfield></datafield><datafield ind1=" " ind2=" " tag="300"><subfield code="a">30 p., [135] p. de pl.</subfield><subfield code="b">ill.</subfield><subfield code="c">35 cm</subfield></datafield><datafield ind1=" " ind2=" " tag="336"><subfield code="b">txt</subfield><subfield code="2">rdacontent</subfield></datafield><datafield ind1=" " ind2=" " tag="337"><subfield code="b">n</subfield><subfield code="2">rdamedia</subfield></datafield><datafield ind1=" " ind2=" " tag="338"><subfield code="b">nc</subfield><subfield code="2">rdacarrier</subfield></datafield><datafield ind1="1" ind2=" " tag="490"><subfield code="a">Mémoires publiés par les membres de la Mission archéologique française au Caire</subfield><subfield code="v">2</subfield></datafield><datafield ind1="1" ind2=" " tag="700"><subfield code="a">Bouriant, Urbain</subfield><subfield code="0">(RERO)A005774064</subfield></datafield><datafield ind1="1" ind2=" " tag="700"><subfield code="a">Loret, Victor</subfield><subfield code="d">1859-1946</subfield><subfield code="0">(IDREF)085712140</subfield></datafield><datafield ind1="1" ind2=" " tag="700"><subfield code="a">Naville, Edouard</subfield><subfield code="d">1844-1926</subfield><subfield code="0">(IDREF)031957927</subfield></datafield><datafield ind1=" " ind2="0" tag="830"><subfield code="a">Mémoires publiés par les membres de la Mission archéologique française au Caire</subfield><subfield code="v">2</subfield></datafield><datafield ind1="1" ind2=" " tag="800"><subfield code="a">Lefébure, Eugène</subfield><subfield code="t">&lt;&lt;Les&gt;&gt; hypogées royaux de Thèbes</subfield><subfield code="v">1</subfield></datafield><datafield ind1=" " ind2=" " tag="900"><subfield code="a">REROnoselfmerge</subfield></datafield></record>
</metadata></record>