<record><header><identifier>oai:alma.41SLSP_UGE:991000050649705502</identifier><datestamp>2023-12-23T01:22:56Z</datestamp><setSpec>uge_bcen_RapidILL_BOOK</setSpec><setSpec>uge_aaca_RapidILL_BOOK</setSpec><setSpec>uge_abels_RapidILL_BOOK</setSpec><setSpec>uge_dbu_RapidILL_BOOK</setSpec><setSpec>uge_cmu_RapidILL_BOOK</setSpec><setSpec>uge_mail_RapidILL_BOOK</setSpec><setSpec>uge_abbat_RapidILL_BOOK</setSpec><setSpec>UNIGE_ALL</setSpec><setSpec>uge_acar_RapidILL_BOOK</setSpec><setSpec>uge_aobs_RapidILL_BOOK</setSpec></header><metadata>
<record xmlns="http://www.loc.gov/MARC21/slim" xmlns:xsi="http://www.w3.org/2001/XMLSchema-instance" xsi:schemaLocation="http://www.loc.gov/MARC21/slim http://www.loc.gov/standards/marcxml/schema/MARC21slim.xsd"><leader>01785nam a2200457 c 4500</leader><controlfield tag="001">991000050649705502</controlfield><controlfield tag="005">20230130191805.0</controlfield><controlfield tag="008">201011s1977    it ||||| |||| 00| ||ita d</controlfield><datafield ind1=" " ind2=" " tag="035"><subfield code="a">(swissbib)224231332-41slsp_network</subfield></datafield><datafield ind1=" " ind2=" " tag="035"><subfield code="a">224231332</subfield><subfield code="9">ExL</subfield></datafield><datafield ind1=" " ind2=" " tag="035"><subfield code="a">(RERO)0543392-41slsp</subfield></datafield><datafield ind1=" " ind2=" " tag="035"><subfield code="a">(SBT)000080829SBT01</subfield></datafield><datafield ind1=" " ind2=" " tag="035"><subfield code="a">(IDSBB)002928998DSV01</subfield></datafield><datafield ind1=" " ind2=" " tag="035"><subfield code="a">(EXLNZ-41SLSP_NETWORK)991053936669705501</subfield></datafield><datafield ind1=" " ind2=" " tag="040"><subfield code="a">RERO</subfield><subfield code="d">CH-ZuSLS</subfield></datafield><datafield ind1=" " ind2="7" tag="072"><subfield code="a">ba</subfield><subfield code="2">rero</subfield></datafield><datafield ind1="1" ind2=" " tag="080"><subfield code="a">7FÜSS1</subfield></datafield><datafield ind1="1" ind2=" " tag="100"><subfield code="a">Füssli, Johann Heinrich</subfield><subfield code="d">1741-1825</subfield><subfield code="6">880-01</subfield><subfield code="0">(IDREF)030324890</subfield><subfield code="4">cre</subfield></datafield><datafield ind1="1" ind2=" " tag="880"><subfield code="6">100-01</subfield><subfield code="a">Füssli, Johann Heinrich</subfield><subfield code="d">1741-1825</subfield><subfield code="0">(SBT11)000003429</subfield></datafield><datafield ind1="1" ind2=" " tag="880"><subfield code="a">Füssli, Johann Heinrich</subfield><subfield code="d">1741-1825</subfield><subfield code="0">(DE-588)118536745</subfield><subfield code="6">100-01</subfield></datafield><datafield ind1="1" ind2="0" tag="245"><subfield code="a">&lt;&lt;L'&gt;&gt;opera completa di Füssli</subfield><subfield code="c">Introd. e coordinata da Gert Schiff ; apparati critici e filologici di Paola Viotto</subfield></datafield><datafield ind1=" " ind2="1" tag="264"><subfield code="a">Milano</subfield><subfield code="b">Rizzoli</subfield><subfield code="c">1977</subfield></datafield><datafield ind1=" " ind2=" " tag="300"><subfield code="a">124 p.</subfield><subfield code="b">ill.</subfield><subfield code="c">32 cm</subfield></datafield><datafield ind1=" " ind2=" " tag="336"><subfield code="b">txt</subfield><subfield code="2">rdacontent</subfield></datafield><datafield ind1=" " ind2=" " tag="337"><subfield code="b">n</subfield><subfield code="2">rdamedia</subfield></datafield><datafield ind1=" " ind2=" " tag="338"><subfield code="b">nc</subfield><subfield code="2">rdacarrier</subfield></datafield><datafield ind1="1" ind2=" " tag="490"><subfield code="a">Classici dell'arte</subfield><subfield code="v">91</subfield></datafield><datafield ind1=" " ind2=" " tag="504"><subfield code="a">Bibliografia</subfield></datafield><datafield ind1="1" ind2="7" tag="600"><subfield code="a">Füssli, Johann Heinrich</subfield><subfield code="d">1741-1825</subfield><subfield code="0">(IDREF)030324890</subfield><subfield code="2">idref</subfield></datafield><datafield ind1="1" ind2="7" tag="600"><subfield code="a">Füssli, Johann Heinrich</subfield><subfield code="x">Cataloghi</subfield><subfield code="2">sbt12</subfield></datafield><datafield ind1="1" ind2="7" tag="600"><subfield code="a">Füssli, Johann Heinrich</subfield><subfield code="d">1741-1825</subfield><subfield code="0">(DE-588)118536745</subfield><subfield code="2">gnd</subfield></datafield><datafield ind1=" " ind2="7" tag="650"><subfield code="a">Peinture</subfield><subfield code="0">(IDREF)027244652</subfield><subfield code="2">idref</subfield></datafield><datafield ind1=" " ind2="7" tag="655"><subfield code="a">Catalogues raisonnés</subfield><subfield code="0">(IDREF)029079764</subfield><subfield code="2">idref</subfield></datafield><datafield ind1=" " ind2=" " tag="690"><subfield code="a">Füssli, Johann Heinrich</subfield><subfield code="2">ubs-A5</subfield></datafield><datafield ind1=" " ind2=" " tag="691"><subfield code="e">700.030</subfield><subfield code="2">usi-TM</subfield></datafield><datafield ind1="1" ind2=" " tag="700"><subfield code="a">Schiff, Gert</subfield><subfield code="0">(RERO)A003796215</subfield></datafield><datafield ind1="1" ind2=" " tag="700"><subfield code="a">Viotto, Paola</subfield><subfield code="0">(IDREF)034208135</subfield></datafield><datafield ind1=" " ind2=" " tag="830"><subfield code="a">Classici dell'arte</subfield><subfield code="v">91</subfield><subfield code="w">(SBT)000063083SBT01</subfield></datafield><datafield ind1=" " ind2=" " tag="830"><subfield code="a">Classici dell'Arte</subfield><subfield code="v">91</subfield><subfield code="w">(IDSBB)000483515DSV01</subfield></datafield><datafield ind1=" " ind2=" " tag="900"><subfield code="a">REROnoselfmerge</subfield></datafield><datafield ind1=" " ind2=" " tag="900"><subfield code="b">IDST9PZcafl</subfield></datafield><datafield ind1=" " ind2=" " tag="900"><subfield code="a">IDST9limend</subfield></datafield><datafield ind1=" " ind2=" " tag="993"><subfield code="a">BFLB 782</subfield><subfield code="x">ge/ulha/a/84/07/0638</subfield><subfield code="9">LOCAL</subfield></datafield></record>
</metadata></record>