<record><header><identifier>oai:alma.41SLSP_UGE:991000029539705502</identifier><datestamp>2023-03-01T01:09:23Z</datestamp><setSpec>uge_bcen_RapidILL_BOOK</setSpec><setSpec>uge_aaca_RapidILL_BOOK</setSpec><setSpec>uge_abels_RapidILL_BOOK</setSpec><setSpec>uge_dbu_RapidILL_BOOK</setSpec><setSpec>uge_cmu_RapidILL_BOOK</setSpec><setSpec>uge_mail_RapidILL_BOOK</setSpec><setSpec>UNIGE_ALL</setSpec><setSpec>uge_abbat_RapidILL_BOOK</setSpec><setSpec>uge_acar_RapidILL_BOOK</setSpec><setSpec>uge_aobs_RapidILL_BOOK</setSpec></header><metadata>
<record xmlns="http://www.loc.gov/MARC21/slim" xmlns:xsi="http://www.w3.org/2001/XMLSchema-instance" xsi:schemaLocation="http://www.loc.gov/MARC21/slim http://www.loc.gov/standards/marcxml/schema/MARC21slim.xsd"><leader>01297nam a2200361 c 4500</leader><controlfield tag="001">991000029539705502</controlfield><controlfield tag="005">20230213202605.0</controlfield><controlfield tag="008">030718s2003    fr ||||| |||| 00| ||fre d</controlfield><datafield ind1=" " ind2=" " tag="020"><subfield code="a">2220052346</subfield></datafield><datafield ind1="7" ind2=" " tag="024"><subfield code="a">http://catalogue.bnf.fr/ark:/12148/cb38978509w</subfield><subfield code="2">uri</subfield></datafield><datafield ind1=" " ind2=" " tag="035"><subfield code="a">(swissbib)099201119-41slsp_network</subfield></datafield><datafield ind1=" " ind2=" " tag="035"><subfield code="a">099201119</subfield><subfield code="9">ExL</subfield></datafield><datafield ind1=" " ind2=" " tag="035"><subfield code="a">(RERO)R003389848-41slsp</subfield></datafield><datafield ind1=" " ind2=" " tag="035"><subfield code="a">(EXLNZ-41SLSP_NETWORK)991076550009705501</subfield></datafield><datafield ind1=" " ind2=" " tag="040"><subfield code="a">RERO labcur</subfield><subfield code="d">CH-ZuSLS</subfield></datafield><datafield ind1=" " ind2="7" tag="072"><subfield code="a">ps</subfield><subfield code="2">rero</subfield></datafield><datafield ind1="1" ind2=" " tag="100"><subfield code="a">Ye, Shuxian</subfield><subfield code="d">1954-....</subfield><subfield code="0">(IDREF)074145045</subfield><subfield code="4">cre</subfield></datafield><datafield ind1="1" ind2="0" tag="245"><subfield code="a">&lt;&lt;La&gt;&gt; passion</subfield><subfield code="c">Ye Shuxian, Michel Sauquet</subfield></datafield><datafield ind1=" " ind2="1" tag="264"><subfield code="a">Shanghai</subfield><subfield code="b">Presses artistiques et littéraires</subfield><subfield code="a">Paris</subfield><subfield code="b">Desclée de Brouwer</subfield><subfield code="c">2003</subfield></datafield><datafield ind1=" " ind2=" " tag="300"><subfield code="a">152 p.</subfield><subfield code="c">17 cm</subfield></datafield><datafield ind1=" " ind2=" " tag="336"><subfield code="b">txt</subfield><subfield code="2">rdacontent</subfield></datafield><datafield ind1=" " ind2=" " tag="337"><subfield code="b">n</subfield><subfield code="2">rdamedia</subfield></datafield><datafield ind1=" " ind2=" " tag="338"><subfield code="b">nc</subfield><subfield code="2">rdacarrier</subfield></datafield><datafield ind1="1" ind2=" " tag="490"><subfield code="a">Collection Proches lointains</subfield></datafield><datafield ind1="0" ind2=" " tag="505"><subfield code="a">Amour et passion / Ye Shuxian. Passions / Michel Sauquet</subfield></datafield><datafield ind1=" " ind2="7" tag="650"><subfield code="a">passion (psychologie)</subfield><subfield code="0">(RERO)A010129046</subfield><subfield code="2">rerovoc</subfield></datafield><datafield ind1=" " ind2="7" tag="650"><subfield code="a">Culture</subfield><subfield code="0">(IDREF)027231429</subfield><subfield code="2">idref</subfield></datafield><datafield ind1=" " ind2="7" tag="651"><subfield code="a">Occident</subfield><subfield code="0">(IDREF)097857300</subfield><subfield code="2">idref</subfield></datafield><datafield ind1=" " ind2="7" tag="651"><subfield code="a">Chine</subfield><subfield code="0">(IDREF)027633179</subfield><subfield code="2">idref</subfield></datafield><datafield ind1="1" ind2="2" tag="700"><subfield code="a">Ye, Shuxian</subfield><subfield code="t">Amour et passion</subfield></datafield><datafield ind1="1" ind2="2" tag="700"><subfield code="a">Sauquet, Michel</subfield><subfield code="t">Passions</subfield></datafield><datafield ind1="1" ind2=" " tag="700"><subfield code="a">Sauquet, Michel</subfield></datafield><datafield ind1=" " ind2=" " tag="830"><subfield code="a">Proches lointains</subfield><subfield code="w">(RERO)R258106260-41slsp</subfield></datafield><datafield ind1=" " ind2=" " tag="900"><subfield code="a">REROnoselfmerge</subfield></datafield></record>
</metadata></record>