<record><header><identifier>oai:alma.41SLSP_UGE:991000050959705502</identifier><datestamp>2023-04-11T00:12:02Z</datestamp><setSpec>uge_bcen_RapidILL_BOOK</setSpec><setSpec>uge_aaca_RapidILL_BOOK</setSpec><setSpec>uge_abels_RapidILL_BOOK</setSpec><setSpec>uge_dbu_RapidILL_BOOK</setSpec><setSpec>uge_cmu_RapidILL_BOOK</setSpec><setSpec>uge_mail_RapidILL_BOOK</setSpec><setSpec>uge_abbat_RapidILL_BOOK</setSpec><setSpec>UNIGE_ALL</setSpec><setSpec>uge_aobs_RapidILL_BOOK</setSpec><setSpec>uge_acar_RapidILL_BOOK</setSpec></header><metadata>
<record xmlns="http://www.loc.gov/MARC21/slim" xmlns:xsi="http://www.w3.org/2001/XMLSchema-instance" xsi:schemaLocation="http://www.loc.gov/MARC21/slim http://www.loc.gov/standards/marcxml/schema/MARC21slim.xsd"><leader>03301nam a2200649 c 4500</leader><controlfield tag="001">991000050959705502</controlfield><controlfield tag="005">20230410153843.0</controlfield><controlfield tag="008">201011t20172017gw       m||| 000 0 ger|d</controlfield><datafield ind1=" " ind2=" " tag="015"><subfield code="a">17,N19</subfield><subfield code="2">dnb</subfield></datafield><datafield ind1=" " ind2=" " tag="020"><subfield code="z">9783732996490</subfield><subfield code="q">E-Book</subfield></datafield><datafield ind1=" " ind2=" " tag="020"><subfield code="a">9783732903207</subfield><subfield code="c">Broschur : EUR 29.80 (DE), EUR 29.80 (AT), CHF 44.70 (freier Preis)</subfield></datafield><datafield ind1=" " ind2=" " tag="020"><subfield code="a">3732903206</subfield><subfield code="q">Paperback</subfield></datafield><datafield ind1="3" ind2=" " tag="024"><subfield code="a">9783732903207</subfield></datafield><datafield ind1=" " ind2=" " tag="035"><subfield code="a">(swissbib)225319101-41slsp_network</subfield></datafield><datafield ind1=" " ind2=" " tag="035"><subfield code="a">225319101</subfield><subfield code="9">ExL</subfield></datafield><datafield ind1=" " ind2=" " tag="035"><subfield code="a">(IDSBB)006736932DSV01</subfield></datafield><datafield ind1=" " ind2=" " tag="035"><subfield code="a">(NEBIS)011055293EBI01</subfield></datafield><datafield ind1=" " ind2=" " tag="035"><subfield code="a">(RERO)R008664035-41slsp</subfield></datafield><datafield ind1=" " ind2=" " tag="035"><subfield code="a">(OCoLC)992533024</subfield></datafield><datafield ind1=" " ind2=" " tag="035"><subfield code="a">(EXLNZ-41SLSP_NETWORK)991024847609705501</subfield></datafield><datafield ind1=" " ind2=" " tag="040"><subfield code="a">DEBBG</subfield><subfield code="b">ger</subfield><subfield code="e">rda</subfield><subfield code="d">CH-ZuSLS</subfield></datafield><datafield ind1=" " ind2="7" tag="072"><subfield code="a">al</subfield><subfield code="2">rero</subfield></datafield><datafield ind1="0" ind2="4" tag="082"><subfield code="a">430</subfield><subfield code="2">23</subfield></datafield><datafield ind1="0" ind2="4" tag="082"><subfield code="a">809.918</subfield><subfield code="2">23</subfield></datafield><datafield ind1="0" ind2="4" tag="082"><subfield code="a">431.5</subfield><subfield code="2">22/ger</subfield></datafield><datafield ind1="1" ind2="4" tag="082"><subfield code="a">400</subfield><subfield code="2">15</subfield></datafield><datafield ind1="1" ind2="4" tag="082"><subfield code="a">430</subfield><subfield code="2">15</subfield></datafield><datafield ind1=" " ind2=" " tag="084"><subfield code="a">430</subfield><subfield code="2">sdnb</subfield></datafield><datafield ind1=" " ind2=" " tag="084"><subfield code="a">GC 6087</subfield><subfield code="2">rvk</subfield></datafield><datafield ind1="1" ind2=" " tag="100"><subfield code="a">Schmiedel, Astrid</subfield><subfield code="d">1984-</subfield><subfield code="0">(DE-588)1136032088</subfield><subfield code="e">Verfasser</subfield><subfield code="4">aut</subfield><subfield code="6">880-01</subfield></datafield><datafield ind1="1" ind2=" " tag="880"><subfield code="a">Schmiedel, Astrid</subfield><subfield code="d">1984-</subfield><subfield code="0">(RERO)A026981016</subfield><subfield code="4">cre</subfield><subfield code="6">100-01</subfield></datafield><datafield ind1="1" ind2="0" tag="245"><subfield code="a">Phonetik ironischer Sprechweise</subfield><subfield code="b">Produktion und Perzeption sarkastisch ironischer und freundlich ironischer Äußerungen</subfield><subfield code="c">Astrid Schmiedel</subfield></datafield><datafield ind1=" " ind2="1" tag="264"><subfield code="a">Berlin</subfield><subfield code="b">Frank &amp; Timme, Verlag für wissenschaftliche Literatur</subfield><subfield code="c">[2017]</subfield></datafield><datafield ind1=" " ind2="4" tag="264"><subfield code="c">© 2017</subfield></datafield><datafield ind1=" " ind2=" " tag="300"><subfield code="a">183 S.</subfield><subfield code="b">Abb.</subfield><subfield code="c">21 cm</subfield><subfield code="e">1 CD-Audio</subfield></datafield><datafield ind1=" " ind2=" " tag="336"><subfield code="b">txt</subfield><subfield code="2">rdacontent</subfield></datafield><datafield ind1=" " ind2=" " tag="337"><subfield code="b">n</subfield><subfield code="2">rdamedia</subfield></datafield><datafield ind1=" " ind2=" " tag="338"><subfield code="b">nc</subfield><subfield code="2">rdacarrier</subfield></datafield><datafield ind1="1" ind2=" " tag="490"><subfield code="a">Schriften zur Sprechwissenschaft und Phonetik</subfield><subfield code="v">Band 8</subfield></datafield><datafield ind1=" " ind2=" " tag="502"><subfield code="b">Dissertation</subfield><subfield code="c">Universität Trier</subfield><subfield code="d">2016</subfield></datafield><datafield ind1="8" ind2=" " tag="520"><subfield code="a">Das Phänomen der Ironie beschäftigt die Menschheit seit der Antike. Was macht Ironie aus? Wie äussert und - viel wichtiger - wie entschlüsselt man sie korrekt? Mehr als eine simple Aussage auf linguistischer Ebene ist die Ironie ein komplexes Ausdrucksmittel, deren vielfältige kommunikative Zwecke die Wahrnehmung und das Verhalten der Diskursteilnehmer sowie die Sprecher-Hörer-Beziehung beeinflussen. In einer experimentalphonetischen Studie hat Astrid Schmiedel die stimmliche Signalisierung von Ironie im Gegensatz zu aufrichtigem Sprechen sowie die Fähigkeit, die jeweilige Sprecherintention korrekt zu erkennen, untersucht. Die Studie und deren interessante Ergebnisse stellt sie hier vor</subfield></datafield><datafield ind1=" " ind2="7" tag="650"><subfield code="a">Deutsch</subfield><subfield code="0">(DE-588)4113292-0</subfield><subfield code="2">gnd</subfield></datafield><datafield ind1=" " ind2="7" tag="650"><subfield code="a">Ironie</subfield><subfield code="0">(DE-588)4027676-4</subfield><subfield code="2">gnd</subfield></datafield><datafield ind1=" " ind2="7" tag="650"><subfield code="a">Phonetik</subfield><subfield code="0">(DE-588)4045830-1</subfield><subfield code="2">gnd</subfield></datafield><datafield ind1=" " ind2="7" tag="650"><subfield code="a">Ironie</subfield><subfield code="0">(IDREF)027276732</subfield><subfield code="2">idref</subfield></datafield><datafield ind1=" " ind2="7" tag="650"><subfield code="a">Signaux et signalisation</subfield><subfield code="0">(IDREF)027796590</subfield><subfield code="2">idref</subfield></datafield><datafield ind1=" " ind2="7" tag="650"><subfield code="a">Actes de langage</subfield><subfield code="0">(IDREF)027218279</subfield><subfield code="2">idref</subfield></datafield><datafield ind1=" " ind2="7" tag="650"><subfield code="a">Analyse de la conversation</subfield><subfield code="0">(IDREF)034012206</subfield><subfield code="2">idref</subfield></datafield><datafield ind1=" " ind2="7" tag="650"><subfield code="a">Prosodie (linguistique)</subfield><subfield code="0">(IDREF)027283623</subfield><subfield code="2">idref</subfield></datafield><datafield ind1=" " ind2="7" tag="655"><subfield code="a">Hochschulschrift</subfield><subfield code="2">gnd-content</subfield></datafield><datafield ind1=" " ind2="7" tag="655"><subfield code="a">Beispielsammlung</subfield><subfield code="2">gnd-content</subfield></datafield><datafield ind1=" " ind2="7" tag="655"><subfield code="a">CD-ROM</subfield><subfield code="2">gnd-carrier</subfield></datafield><datafield ind1="4" ind2=" " tag="856"><subfield code="3">Titelblatt und Inhaltsverzeichnis</subfield><subfield code="u">https://toc.library.ethz.ch/objects/pdf03/z01_978-3-7329-0320-7_01.pdf</subfield><subfield code="q">pdf</subfield></datafield><datafield ind1=" " ind2=" " tag="830"><subfield code="a">Schriften zur Sprechwissenschaft und Phonetik</subfield><subfield code="v">8</subfield><subfield code="w">(RERO)R008427729-41slsp</subfield></datafield><datafield ind1=" " ind2=" " tag="900"><subfield code="a">IDSZ2zbzmon201801l</subfield><subfield code="c">IDSZ2wuet</subfield><subfield code="d">IDSZ2zbzswk201804g</subfield><subfield code="e">IDSZ2trun</subfield></datafield><datafield ind1=" " ind2=" " tag="900"><subfield code="a">REROnoselfmerge</subfield></datafield><datafield ind1=" " ind2=" " tag="910"><subfield code="a">DNB</subfield><subfield code="b">20170608</subfield></datafield><datafield ind1=" " ind2=" " tag="949"><subfield code="a">https://toc.library.ethz.ch/objects/pdf03/z01_978-3-7329-0320-7_01.pdf</subfield></datafield></record>
</metadata></record>