<record><header><identifier>oai:alma.41SLSP_UGE:991000050439705502</identifier><datestamp>2023-04-11T00:13:31Z</datestamp><setSpec>uge_bcen_RapidILL_BOOK</setSpec><setSpec>uge_aaca_RapidILL_BOOK</setSpec><setSpec>uge_abels_RapidILL_BOOK</setSpec><setSpec>uge_dbu_RapidILL_BOOK</setSpec><setSpec>uge_cmu_RapidILL_BOOK</setSpec><setSpec>uge_mail_RapidILL_BOOK</setSpec><setSpec>uge_abbat_RapidILL_BOOK</setSpec><setSpec>UNIGE_ALL</setSpec><setSpec>uge_acar_RapidILL_BOOK</setSpec><setSpec>uge_aobs_RapidILL_BOOK</setSpec></header><metadata>
<record xmlns="http://www.loc.gov/MARC21/slim" xmlns:xsi="http://www.w3.org/2001/XMLSchema-instance" xsi:schemaLocation="http://www.loc.gov/MARC21/slim http://www.loc.gov/standards/marcxml/schema/MARC21slim.xsd"><leader>02167nam a2200577 c 4500</leader><controlfield tag="001">991000050439705502</controlfield><controlfield tag="005">20230410161020.0</controlfield><controlfield tag="008">201011t20072007xxu||||| |||| 00| ||eng d</controlfield><datafield ind1=" " ind2=" " tag="010"><subfield code="a">2006928921</subfield></datafield><datafield ind1=" " ind2=" " tag="020"><subfield code="a">0889373442</subfield></datafield><datafield ind1=" " ind2=" " tag="020"><subfield code="a">9780889373440</subfield></datafield><datafield ind1="7" ind2=" " tag="024"><subfield code="a">http://catalogue.bnf.fr/ark:/12148/cb411749658</subfield><subfield code="2">uri</subfield></datafield><datafield ind1=" " ind2=" " tag="035"><subfield code="a">(swissbib)225960710-41slsp_network</subfield></datafield><datafield ind1=" " ind2=" " tag="035"><subfield code="a">225960710</subfield><subfield code="9">ExL</subfield></datafield><datafield ind1=" " ind2=" " tag="035"><subfield code="a">(RERO)R004709507-41slsp</subfield></datafield><datafield ind1=" " ind2=" " tag="035"><subfield code="a">(IDSBB)005939555DSV01</subfield></datafield><datafield ind1=" " ind2=" " tag="035"><subfield code="a">(NEBIS)005344128EBI01</subfield></datafield><datafield ind1=" " ind2=" " tag="035"><subfield code="a">(EXLNZ-41SLSP_NETWORK)991068311139705501</subfield></datafield><datafield ind1=" " ind2=" " tag="040"><subfield code="a">DLC</subfield><subfield code="d">CH-ZuSLS</subfield></datafield><datafield ind1="0" ind2="0" tag="050"><subfield code="a">RC455.4.S87</subfield><subfield code="b">L56 2007</subfield></datafield><datafield ind1=" " ind2="7" tag="072"><subfield code="a">ps</subfield><subfield code="2">rero</subfield></datafield><datafield ind1="0" ind2="0" tag="082"><subfield code="a">616.85/21</subfield><subfield code="2">22</subfield></datafield><datafield ind1="0" ind2="4" tag="082"><subfield code="a">152.4</subfield><subfield code="2">22</subfield></datafield><datafield ind1="0" ind2="4" tag="082"><subfield code="a">616.85 21</subfield><subfield code="2">22</subfield></datafield><datafield ind1="1" ind2="4" tag="082"><subfield code="a">616.852</subfield><subfield code="2">22</subfield></datafield><datafield ind1="0" ind2="0" tag="245"><subfield code="a">Posttraumatic embitterment disorder</subfield><subfield code="b">definition, evidence, diagnosis, treatment</subfield><subfield code="c">Michael Linden ... [et al.]</subfield></datafield><datafield ind1=" " ind2="1" tag="264"><subfield code="a">Cambridge, MA</subfield><subfield code="b">Hogrefe</subfield><subfield code="c">[2007]</subfield></datafield><datafield ind1=" " ind2="4" tag="264"><subfield code="c">© 2007</subfield></datafield><datafield ind1=" " ind2=" " tag="300"><subfield code="a">ix, 155 p.</subfield><subfield code="b">ill.</subfield><subfield code="c">24 cm</subfield></datafield><datafield ind1=" " ind2=" " tag="336"><subfield code="b">txt</subfield><subfield code="2">rdacontent</subfield></datafield><datafield ind1=" " ind2=" " tag="337"><subfield code="b">n</subfield><subfield code="2">rdamedia</subfield></datafield><datafield ind1=" " ind2=" " tag="338"><subfield code="b">nc</subfield><subfield code="2">rdacarrier</subfield></datafield><datafield ind1=" " ind2=" " tag="504"><subfield code="a">Includes bibliographical references (p. 121-135)</subfield></datafield><datafield ind1=" " ind2="7" tag="650"><subfield code="a">événement stressant de la vie</subfield><subfield code="0">(RERO)A009977889</subfield><subfield code="2">rerovoc</subfield></datafield><datafield ind1=" " ind2="7" tag="650"><subfield code="a">Ressentiment</subfield><subfield code="0">(IDREF)027845176</subfield><subfield code="2">idref</subfield></datafield><datafield ind1=" " ind2="7" tag="650"><subfield code="a">Verbitterung</subfield><subfield code="2">idszbz</subfield></datafield><datafield ind1=" " ind2="0" tag="650"><subfield code="a">Adjustment disorders</subfield></datafield><datafield ind1=" " ind2="0" tag="650"><subfield code="a">Discontent</subfield></datafield><datafield ind1=" " ind2="0" tag="650"><subfield code="a">Traumatic neuroses</subfield></datafield><datafield ind1=" " ind2="0" tag="650"><subfield code="a">Traumatic psychoses</subfield></datafield><datafield ind1=" " ind2="7" tag="650"><subfield code="a">Psychisches Trauma</subfield><subfield code="2">idszbz</subfield></datafield><datafield ind1=" " ind2="7" tag="650"><subfield code="a">Bitterkeit</subfield><subfield code="2">idszbz</subfield></datafield><datafield ind1=" " ind2="7" tag="650"><subfield code="a">Posttraumatische Verbitterungsstörung</subfield><subfield code="0">(DE-588)7610146-0</subfield><subfield code="2">gnd</subfield></datafield><datafield ind1=" " ind2="0" tag="650"><subfield code="a">Adjustment disorders</subfield><subfield code="v">Statistics</subfield></datafield><datafield ind1=" " ind2="0" tag="650"><subfield code="a">Adjustment disorders</subfield><subfield code="x">Treatment</subfield></datafield><datafield ind1=" " ind2="0" tag="650"><subfield code="a">Stress tolerance (Psychology)</subfield></datafield><datafield ind1="1" ind2=" " tag="700"><subfield code="a">Linden, Michael</subfield><subfield code="d">1948-</subfield><subfield code="0">(DE-588)108619087</subfield><subfield code="6">880-02</subfield></datafield><datafield ind1="1" ind2=" " tag="880"><subfield code="6">700-02</subfield><subfield code="a">Linden, Michael</subfield><subfield code="c">médecin</subfield><subfield code="d">1948-....</subfield><subfield code="0">(IDREF)251345777</subfield></datafield><datafield ind1="4" ind2=" " tag="856"><subfield code="3">Titelblatt und Inhaltsverzeichnis</subfield><subfield code="u">https://toc.library.ethz.ch/objects/pdf03/UMBC_978-0-88937-344-0_01.pdf</subfield><subfield code="q">pdf</subfield></datafield><datafield ind1=" " ind2=" " tag="900"><subfield code="a">REROnoselfmerge</subfield></datafield><datafield ind1=" " ind2=" " tag="900"><subfield code="a">IDSZ2zbzmon200705f</subfield><subfield code="c">IDSZ2kuel</subfield><subfield code="d">IDSZ2zbzswk200705b</subfield><subfield code="e">IDSZ2bisg</subfield></datafield><datafield ind1=" " ind2=" " tag="949"><subfield code="a">https://toc.library.ethz.ch/objects/pdf03/UMBC_978-0-88937-344-0_01.pdf</subfield></datafield></record>
</metadata></record>