<record><header><identifier>oai:alma.41SLSP_UGE:991000044159705502</identifier><datestamp>2023-03-04T01:11:37Z</datestamp><setSpec>uge_bcen_RapidILL_BOOK</setSpec><setSpec>uge_aaca_RapidILL_BOOK</setSpec><setSpec>uge_abels_RapidILL_BOOK</setSpec><setSpec>uge_dbu_RapidILL_BOOK</setSpec><setSpec>uge_cmu_RapidILL_BOOK</setSpec><setSpec>uge_mail_RapidILL_BOOK</setSpec><setSpec>uge_abbat_RapidILL_BOOK</setSpec><setSpec>UNIGE_ALL</setSpec><setSpec>uge_acar_RapidILL_BOOK</setSpec><setSpec>uge_aobs_RapidILL_BOOK</setSpec></header><metadata>
<record xmlns="http://www.loc.gov/MARC21/slim" xmlns:xsi="http://www.w3.org/2001/XMLSchema-instance" xsi:schemaLocation="http://www.loc.gov/MARC21/slim http://www.loc.gov/standards/marcxml/schema/MARC21slim.xsd"><leader>02357nam a2200697 c 4500</leader><controlfield tag="001">991000044159705502</controlfield><controlfield tag="005">20230303203727.0</controlfield><controlfield tag="008">201011s1988    xxu||||| |||| 00| ||eng d</controlfield><datafield ind1=" " ind2=" " tag="020"><subfield code="a">0803926057</subfield><subfield code="q">geb.</subfield></datafield><datafield ind1=" " ind2=" " tag="020"><subfield code="a">0803926065</subfield><subfield code="q">brosch.</subfield></datafield><datafield ind1=" " ind2=" " tag="035"><subfield code="a">(swissbib)220818436-41slsp_network</subfield></datafield><datafield ind1=" " ind2=" " tag="035"><subfield code="a">220818436</subfield><subfield code="9">ExL</subfield></datafield><datafield ind1=" " ind2=" " tag="035"><subfield code="a">(RERO)1068558-41slsp</subfield></datafield><datafield ind1=" " ind2=" " tag="035"><subfield code="a">(IDSBB)003481495DSV01</subfield></datafield><datafield ind1=" " ind2=" " tag="035"><subfield code="a">(NEBIS)001053312EBI01</subfield></datafield><datafield ind1=" " ind2=" " tag="035"><subfield code="a">(EXLNZ-41SLSP_NETWORK)991158019789705501</subfield></datafield><datafield ind1=" " ind2=" " tag="040"><subfield code="a">RERO labcud</subfield><subfield code="d">CH-ZuSLS</subfield></datafield><datafield ind1=" " ind2="7" tag="072"><subfield code="a">ps</subfield><subfield code="2">rero</subfield></datafield><datafield ind1=" " ind2="7" tag="072"><subfield code="a">ss</subfield><subfield code="2">rero</subfield></datafield><datafield ind1=" " ind2="7" tag="072"><subfield code="a">me</subfield><subfield code="2">SzZuIDS BS/BE</subfield></datafield><datafield ind1="0" ind2="0" tag="082"><subfield code="a">306.7</subfield><subfield code="2">19</subfield></datafield><datafield ind1="1" ind2="4" tag="082"><subfield code="a">610</subfield><subfield code="2">15</subfield></datafield><datafield ind1=" " ind2=" " tag="084"><subfield code="a">CQ 7200</subfield><subfield code="2">rvk</subfield></datafield><datafield ind1=" " ind2=" " tag="084"><subfield code="a">CR 6000</subfield><subfield code="2">rvk</subfield></datafield><datafield ind1=" " ind2=" " tag="084"><subfield code="a">MS 2900</subfield><subfield code="2">rvk</subfield></datafield><datafield ind1="1" ind2=" " tag="100"><subfield code="a">Douglas, Jack D.</subfield><subfield code="0">(IDREF)031761550</subfield><subfield code="4">cre</subfield></datafield><datafield ind1="1" ind2="0" tag="245"><subfield code="a">Love, intimacy, and sex</subfield><subfield code="c">Jack D. Douglas and Freda Cruse Atwell ; with the assistance of John Hillebrand</subfield></datafield><datafield ind1=" " ind2="1" tag="264"><subfield code="a">Newbury Park Calif.</subfield><subfield code="a">Beverly Hills [etc.]</subfield><subfield code="b">Sage</subfield><subfield code="c">[1988]</subfield></datafield><datafield ind1=" " ind2="4" tag="264"><subfield code="c">© 1988</subfield></datafield><datafield ind1=" " ind2=" " tag="300"><subfield code="a">304 p.</subfield><subfield code="c">23 cm</subfield></datafield><datafield ind1=" " ind2=" " tag="336"><subfield code="b">txt</subfield><subfield code="2">rdacontent</subfield></datafield><datafield ind1=" " ind2=" " tag="337"><subfield code="b">n</subfield><subfield code="2">rdamedia</subfield></datafield><datafield ind1=" " ind2=" " tag="338"><subfield code="b">nc</subfield><subfield code="2">rdacarrier</subfield></datafield><datafield ind1="1" ind2=" " tag="490"><subfield code="a">Sociological observations</subfield><subfield code="v">20</subfield></datafield><datafield ind1=" " ind2=" " tag="504"><subfield code="a">Literaturverz.</subfield></datafield><datafield ind1=" " ind2="7" tag="650"><subfield code="a">Amour</subfield><subfield code="0">(IDREF)027218996</subfield><subfield code="2">idref</subfield></datafield><datafield ind1=" " ind2="7" tag="650"><subfield code="a">insécurité</subfield><subfield code="0">(RERO)A009981446</subfield><subfield code="2">rerovoc</subfield></datafield><datafield ind1=" " ind2="7" tag="650"><subfield code="a">Sexualité</subfield><subfield code="0">(IDREF)027248720</subfield><subfield code="2">idref</subfield></datafield><datafield ind1=" " ind2="7" tag="650"><subfield code="a">Psychologie</subfield><subfield code="0">(IDREF)027346900</subfield><subfield code="2">idref</subfield></datafield><datafield ind1=" " ind2="7" tag="650"><subfield code="a">Intimité (psychologie)</subfield><subfield code="0">(IDREF)027876721</subfield><subfield code="2">idref</subfield></datafield><datafield ind1=" " ind2="7" tag="650"><subfield code="a">Intimsphäre</subfield><subfield code="2">idszbz</subfield></datafield><datafield ind1=" " ind2="7" tag="650"><subfield code="a">Liebe</subfield><subfield code="2">idszbz</subfield></datafield><datafield ind1=" " ind2="7" tag="650"><subfield code="a">Sexualität</subfield><subfield code="2">idszbz</subfield></datafield><datafield ind1=" " ind2="7" tag="650"><subfield code="a">Zweierbeziehung</subfield><subfield code="2">idszbz</subfield></datafield><datafield ind1=" " ind2="7" tag="650"><subfield code="a">Liebe</subfield><subfield code="0">(DE-588)4035646-2</subfield><subfield code="2">gnd</subfield></datafield><datafield ind1=" " ind2="7" tag="650"><subfield code="a">Sexualpsychologie</subfield><subfield code="0">(DE-588)4121667-2</subfield><subfield code="2">gnd</subfield></datafield><datafield ind1=" " ind2="7" tag="650"><subfield code="a">Sexualverhalten</subfield><subfield code="0">(DE-588)4116485-4</subfield><subfield code="2">gnd</subfield></datafield><datafield ind1=" " ind2="0" tag="650"><subfield code="a">Interpersonal relations</subfield></datafield><datafield ind1=" " ind2="0" tag="650"><subfield code="a">Intimacy (Psychology)</subfield></datafield><datafield ind1=" " ind2="0" tag="650"><subfield code="a">Love</subfield></datafield><datafield ind1=" " ind2="0" tag="650"><subfield code="a">Sex</subfield></datafield><datafield ind1=" " ind2=" " tag="690"><subfield code="a">Intimität</subfield><subfield code="2">uzb-Z9</subfield></datafield><datafield ind1=" " ind2=" " tag="690"><subfield code="a">Liebe / Verhältnis zu einzelnen Faktoren / 1985- ersch.</subfield><subfield code="2">uzb-Z9</subfield></datafield><datafield ind1=" " ind2=" " tag="690"><subfield code="a">Sexualität / 1985- ersch.</subfield><subfield code="2">uzb-Z9</subfield></datafield><datafield ind1=" " ind2=" " tag="690"><subfield code="a">Zweierbeziehung</subfield><subfield code="2">uzb-Z9</subfield></datafield><datafield ind1=" " ind2=" " tag="690"><subfield code="a">Sozialpsychologie</subfield><subfield code="2">uzb-VK</subfield></datafield><datafield ind1=" " ind2=" " tag="690"><subfield code="a">Sexualität</subfield><subfield code="2">uzb-VK</subfield></datafield><datafield ind1="1" ind2=" " tag="700"><subfield code="a">Douglas, Jack Daniel</subfield></datafield><datafield ind1="1" ind2=" " tag="700"><subfield code="a">Atwell, Freda Cruse</subfield><subfield code="0">(IDREF)084004568</subfield></datafield><datafield ind1="1" ind2=" " tag="700"><subfield code="a">Hillebrand, John</subfield><subfield code="0">(IDREF)084004649</subfield></datafield><datafield ind1=" " ind2=" " tag="830"><subfield code="a">Sociological observations</subfield><subfield code="v">20</subfield><subfield code="w">(NEBIS)000990761EBI01</subfield></datafield><datafield ind1=" " ind2=" " tag="900"><subfield code="a">REROnoselfmerge</subfield></datafield></record>
</metadata></record>