<record><header><identifier>oai:alma.41SLSP_UGE:991000044279705502</identifier><datestamp>2023-03-01T01:09:23Z</datestamp><setSpec>UNIGE_ALL</setSpec></header><metadata>
<record xmlns="http://www.loc.gov/MARC21/slim" xmlns:xsi="http://www.w3.org/2001/XMLSchema-instance" xsi:schemaLocation="http://www.loc.gov/MARC21/slim http://www.loc.gov/standards/marcxml/schema/MARC21slim.xsd"><leader>01100njm a22003257c 4500</leader><controlfield tag="001">991000044279705502</controlfield><controlfield tag="005">20211021154615.0</controlfield><controlfield tag="007">sd f||g|||||||</controlfield><controlfield tag="008">110122s1964    gw ||n |            ger d</controlfield><datafield ind1="0" ind2="2" tag="028"><subfield code="a">Teldec 8 43627</subfield></datafield><datafield ind1=" " ind2=" " tag="035"><subfield code="a">(swissbib)113531524-41slsp_network</subfield></datafield><datafield ind1=" " ind2=" " tag="035"><subfield code="a">113531524</subfield><subfield code="9">ExL</subfield></datafield><datafield ind1=" " ind2=" " tag="035"><subfield code="a">(RERO)R006017900-41slsp</subfield></datafield><datafield ind1=" " ind2=" " tag="035"><subfield code="a">(EXLNZ-41SLSP_NETWORK)991112819749705501</subfield></datafield><datafield ind1=" " ind2=" " tag="040"><subfield code="a">RERO geulmu</subfield><subfield code="d">CH-ZuSLS</subfield></datafield><datafield ind1=" " ind2="7" tag="072"><subfield code="a">mu</subfield><subfield code="2">rero</subfield></datafield><datafield ind1="1" ind2=" " tag="100"><subfield code="a">Bach, Johann Sebastian</subfield><subfield code="d">1685-1750</subfield><subfield code="0">(IDREF)026699656</subfield><subfield code="4">cre</subfield></datafield><datafield ind1="1" ind2="0" tag="245"><subfield code="a">Brandenburgische Konzerte Nr. 2, 5 &amp; 6</subfield><subfield code="c">Johann Sebastian Bach</subfield></datafield><datafield ind1=" " ind2="1" tag="264"><subfield code="a">Hamburg</subfield><subfield code="b">[éditeur non identifié]</subfield><subfield code="c">1964</subfield></datafield><datafield ind1=" " ind2=" " tag="300"><subfield code="a">1 disque compact</subfield></datafield><datafield ind1=" " ind2=" " tag="336"><subfield code="b">prm</subfield><subfield code="2">rdacontent</subfield></datafield><datafield ind1=" " ind2=" " tag="337"><subfield code="b">s</subfield><subfield code="2">rdamedia</subfield></datafield><datafield ind1=" " ind2=" " tag="338"><subfield code="b">sd</subfield><subfield code="2">rdacarrier</subfield></datafield><datafield ind1="0" ind2=" " tag="490"><subfield code="a">Das alte Werk</subfield></datafield><datafield ind1=" " ind2=" " tag="500"><subfield code="a">Formation: orchestre symphonique ; orchestre de chambre</subfield></datafield><datafield ind1=" " ind2=" " tag="500"><subfield code="a">Opus: BWV 1047</subfield></datafield><datafield ind1=" " ind2=" " tag="500"><subfield code="a">Tonalité: Fa majeur</subfield></datafield><datafield ind1="0" ind2=" " tag="505"><subfield code="a">[Branderburgische Konzerte (6). BWV 1046-1051]. Extraits</subfield></datafield><datafield ind1="1" ind2=" " tag="700"><subfield code="a">Harnoncourt, Nikolaus</subfield><subfield code="d">1929-2016</subfield><subfield code="0">(IDREF)028272722</subfield></datafield><datafield ind1="2" ind2=" " tag="710"><subfield code="a">Concentus musicus</subfield><subfield code="g">Wien</subfield><subfield code="0">(IDREF)075025442</subfield></datafield><datafield ind1=" " ind2=" " tag="900"><subfield code="a">REROnoselfmerge</subfield></datafield><datafield ind1=" " ind2=" " tag="960"><subfield code="2">matmu</subfield><subfield code="a">Allemagne ; XVIIe-XVIIIe ; Baroque ; Concertos</subfield><subfield code="9">LOCAL</subfield></datafield><datafield ind1=" " ind2=" " tag="960"><subfield code="2">matmu</subfield><subfield code="a">Brandebourg</subfield><subfield code="9">LOCAL</subfield></datafield></record>
</metadata></record>