<record><header><identifier>oai:alma.41SLSP_UGE:991000029739705502</identifier><datestamp>2023-11-25T01:49:29Z</datestamp><setSpec>uge_bcen_RapidILL_BOOK</setSpec><setSpec>uge_aaca_RapidILL_BOOK</setSpec><setSpec>uge_abels_RapidILL_BOOK</setSpec><setSpec>uge_dbu_RapidILL_BOOK</setSpec><setSpec>uge_cmu_RapidILL_BOOK</setSpec><setSpec>uge_mail_RapidILL_BOOK</setSpec><setSpec>uge_abbat_RapidILL_BOOK</setSpec><setSpec>UNIGE_ALL</setSpec><setSpec>uge_aobs_RapidILL_BOOK</setSpec><setSpec>uge_acar_RapidILL_BOOK</setSpec></header><metadata>
<record xmlns="http://www.loc.gov/MARC21/slim" xmlns:xsi="http://www.w3.org/2001/XMLSchema-instance" xsi:schemaLocation="http://www.loc.gov/MARC21/slim http://www.loc.gov/standards/marcxml/schema/MARC21slim.xsd"><leader>06655nam a2200865 c 4500</leader><controlfield tag="001">991000029739705502</controlfield><controlfield tag="005">20230328215720.0</controlfield><controlfield tag="008">201012s2013    enk           00| | eng| </controlfield><datafield ind1=" " ind2=" " tag="010"><subfield code="a">2013020285</subfield></datafield><datafield ind1=" " ind2=" " tag="015"><subfield code="a">GBB376618</subfield><subfield code="2">bnb</subfield></datafield><datafield ind1=" " ind2=" " tag="020"><subfield code="a">140946962X</subfield><subfield code="q">hardback</subfield></datafield><datafield ind1=" " ind2=" " tag="020"><subfield code="a">9781409469650</subfield><subfield code="q">epub</subfield></datafield><datafield ind1=" " ind2=" " tag="020"><subfield code="a">9781409469643</subfield><subfield code="q">PDF</subfield></datafield><datafield ind1=" " ind2=" " tag="020"><subfield code="a">1409469638</subfield><subfield code="q">paperback</subfield></datafield><datafield ind1=" " ind2=" " tag="020"><subfield code="a">9781409469629</subfield><subfield code="q">hbk.</subfield><subfield code="c">£65.00</subfield></datafield><datafield ind1=" " ind2=" " tag="020"><subfield code="a">9781409469636</subfield><subfield code="q">pbk.</subfield><subfield code="c">£25.00</subfield></datafield><datafield ind1=" " ind2=" " tag="020"><subfield code="a">1409469654</subfield></datafield><datafield ind1=" " ind2=" " tag="020"><subfield code="a">1409469646</subfield></datafield><datafield ind1=" " ind2=" " tag="035"><subfield code="a">(swissbib)240675495-41slsp_network</subfield></datafield><datafield ind1=" " ind2=" " tag="035"><subfield code="a">240675495</subfield><subfield code="9">ExL</subfield></datafield><datafield ind1=" " ind2=" " tag="035"><subfield code="a">(NEBIS)009967877EBI01</subfield></datafield><datafield ind1=" " ind2=" " tag="035"><subfield code="a">(IDSBB)006189364DSV01</subfield></datafield><datafield ind1=" " ind2=" " tag="035"><subfield code="a">(RERO)R007352435-41slsp</subfield></datafield><datafield ind1=" " ind2=" " tag="035"><subfield code="a">(IDSSG)000702778HSB01</subfield></datafield><datafield ind1=" " ind2=" " tag="035"><subfield code="a">(OCoLC)855582159</subfield></datafield><datafield ind1=" " ind2=" " tag="035"><subfield code="a">(OCoLC)859557036</subfield></datafield><datafield ind1=" " ind2=" " tag="035"><subfield code="a">(ALEX)bv9925823590801791</subfield></datafield><datafield ind1=" " ind2=" " tag="035"><subfield code="a">(EXLNZ-41SLSP_NETWORK)991113724579705501</subfield></datafield><datafield ind1=" " ind2=" " tag="040"><subfield code="a">DLC</subfield><subfield code="d">CH-ZuSLS</subfield></datafield><datafield ind1=" " ind2=" " tag="050"><subfield code="a">AZ105</subfield><subfield code="b">.D44 2013</subfield></datafield><datafield ind1=" " ind2="7" tag="072"><subfield code="a">dh</subfield><subfield code="2">SzZuIDS BS/BE</subfield></datafield><datafield ind1=" " ind2="7" tag="072"><subfield code="a">bt</subfield><subfield code="2">rero</subfield></datafield><datafield ind1="0" ind2="4" tag="082"><subfield code="a">001.30285</subfield><subfield code="2">23</subfield></datafield><datafield ind1="1" ind2="4" tag="082"><subfield code="a">000</subfield><subfield code="2">15</subfield></datafield><datafield ind1="1" ind2="4" tag="082"><subfield code="a">001</subfield><subfield code="2">15</subfield></datafield><datafield ind1=" " ind2=" " tag="084"><subfield code="a">24,1</subfield><subfield code="2">ssgn</subfield></datafield><datafield ind1=" " ind2=" " tag="084"><subfield code="a">AK 25000</subfield><subfield code="2">rvk</subfield></datafield><datafield ind1=" " ind2=" " tag="084"><subfield code="a">AK 39950</subfield><subfield code="2">rvk</subfield></datafield><datafield ind1=" " ind2=" " tag="084"><subfield code="a">AP 15910</subfield><subfield code="2">rvk</subfield></datafield><datafield ind1=" " ind2=" " tag="084"><subfield code="a">AP 15840</subfield><subfield code="2">rvk</subfield></datafield><datafield ind1="0" ind2="0" tag="245"><subfield code="a">Defining digital humanities</subfield><subfield code="b">a reader</subfield><subfield code="c">edited by Melissa Terras, Julianne Nyhan, Edward Vanhoutte</subfield></datafield><datafield ind1=" " ind2="1" tag="264"><subfield code="a">Farnham</subfield><subfield code="b">Ashgate</subfield><subfield code="c">2013</subfield></datafield><datafield ind1=" " ind2=" " tag="300"><subfield code="a">314 pages</subfield></datafield><datafield ind1=" " ind2=" " tag="336"><subfield code="b">txt</subfield><subfield code="2">rdacontent</subfield></datafield><datafield ind1=" " ind2=" " tag="337"><subfield code="b">n</subfield><subfield code="2">rdamedia</subfield></datafield><datafield ind1=" " ind2=" " tag="338"><subfield code="b">nc</subfield><subfield code="2">rdacarrier</subfield></datafield><datafield ind1=" " ind2=" " tag="500"><subfield code="a">Register</subfield></datafield><datafield ind1=" " ind2=" " tag="504"><subfield code="a">Includes bibliographical references and index</subfield></datafield><datafield ind1="0" ind2=" " tag="505"><subfield code="a">[Contents] - Is humanities computing an academic discipline? / Geoffrey Rockwell - What is humanities computing and what is not? / John Unsworth - Information technology and the troubled humanities / Jerome McGann - Disciplined: using educational studies to analyse 'humanities computing' / Melissa Terras - Tree, turf, centre, archipelago- or Wild acre? Metaphors and stories for humanities computing / Willard McCarty - The Gates of Hell: history and definition of digital - humanities - computing / Edward Vanhoutte - Humanities computing as digital humanities / Patrick Svensson - Something called digital humanities / Wendell Piez - What is digital humanities and what's it doing in English departments? / Matthew G. Kirschenbaum - The productive unease of 21st-century digital scholarship / Julia Flanders - Toward a conceptual framework for the digital humanities / Paul Rosenbloom - Digital humanities is a spectrum, or, &quot;We're all digital humanists now&quot; / Lincoln Mullen - Who's in and who's out / Stephen Ramsay - On building / Stephen Ramsay - Inclusion in the digital humanities / Geoffrey Rockwell - The digital humanities is not about building, it's about sharing / Mark Sample - I'm Chris where am I wrong? / Chris Forster - Peering inside the big tent / Melissa Terras - ADHO, on love and money / Bethany Nowviskie - Selected definitions from the day of digital humanities: 2009-2012 - Digital humanities definitions by type / Fred Gibbs</subfield></datafield><datafield ind1="8" ind2=" " tag="520"><subfield code="a">Digital Humanities is becoming an increasingly popular focus of academic endeavour. There are now hundreds of Digital Humanities centres worldwide and the subject is taught at both postgraduate and undergraduate level. Yet the term 'Digital Humanities' is much debated. This reader brings together, for the first time, in one core volume the essential readings that have emerged in Digital Humanities. We provide a historical overview of how the term 'Humanities Computing' developed into the term 'Digital Humanities', and highlight core readings which explore the meaning, scope, and implementation of the field. To contextualize and frame each included reading, the editors and authors provide a commentary on the original piece. There is also an annotated bibliography of other material not included in the text to provide an essential list of reading in the discipline. This text will be required reading for scholars and students who want to discover the history of Digital Humanities through its core writings, and for those who wish to understand the many possibilities that exist when trying to define Digital Humanities.</subfield><subfield code="5">RERO/laiuhm/11.2014</subfield></datafield><datafield ind1=" " ind2="7" tag="650"><subfield code="a">Geisteswissenschaften</subfield><subfield code="0">(DE-588)4019838-8</subfield><subfield code="2">gnd</subfield></datafield><datafield ind1=" " ind2="7" tag="650"><subfield code="a">Neue Medien</subfield><subfield code="0">(DE-588)4196910-8</subfield><subfield code="2">gnd</subfield></datafield><datafield ind1=" " ind2="0" tag="650"><subfield code="a">Humanities</subfield><subfield code="x">Research</subfield><subfield code="x">Data processing</subfield></datafield><datafield ind1=" " ind2="0" tag="650"><subfield code="a">Information storage and retrieval systems</subfield><subfield code="x">Humanities</subfield></datafield><datafield ind1=" " ind2="0" tag="650"><subfield code="a">Humanities</subfield><subfield code="x">Electronic information resources</subfield></datafield><datafield ind1=" " ind2="7" tag="650"><subfield code="a">COMPUTERANWENDUNGEN/SOZIAL- UND GEISTESWISSENSCHAFTEN</subfield><subfield code="9">ger</subfield><subfield code="0">(ETHUDK)000043766</subfield><subfield code="2">ethudk</subfield></datafield><datafield ind1=" " ind2="7" tag="650"><subfield code="a">INFORMATIK UND GESELLSCHAFT</subfield><subfield code="9">ger</subfield><subfield code="0">(ETHUDK)000061409</subfield><subfield code="2">ethudk</subfield></datafield><datafield ind1=" " ind2="7" tag="650"><subfield code="a">INFORMATIONSGESELLSCHAFT (SOZIOLOGIE)</subfield><subfield code="9">ger</subfield><subfield code="0">(ETHUDK)000058706</subfield><subfield code="2">ethudk</subfield></datafield><datafield ind1=" " ind2="7" tag="650"><subfield code="a">Humanités numériques</subfield><subfield code="0">(IDREF)16377935X</subfield><subfield code="2">idref</subfield></datafield><datafield ind1=" " ind2="7" tag="650"><subfield code="a">Digital Humanities</subfield><subfield code="0">(DE-588)1038714850</subfield><subfield code="2">gnd</subfield></datafield><datafield ind1=" " ind2="0" tag="650"><subfield code="a">Humanities</subfield><subfield code="x">Data processing</subfield></datafield><datafield ind1=" " ind2="7" tag="655"><subfield code="a">[Études diverses]</subfield><subfield code="0">(RERO)A022249905</subfield><subfield code="2">rero</subfield></datafield><datafield ind1=" " ind2="7" tag="655"><subfield code="a">Aufsatzsammlung</subfield><subfield code="2">gnd-content</subfield></datafield><datafield ind1=" " ind2=" " tag="690"><subfield code="a">Computing; Humanismus; Abteilung; Nutzung; Forster; Gibbs; Gebäude; Spektrum; Stimme</subfield><subfield code="2">idssg-J</subfield></datafield><datafield ind1=" " ind2=" " tag="690"><subfield code="a">Literaturhinweis</subfield><subfield code="2">idssg-J</subfield></datafield><datafield ind1=" " ind2=" " tag="690"><subfield code="a">akademische Disziplin; ausgewählte Definition; ausgewählter Literaturhinweis; digitale Geisteswissenschaft; gemeinsame Nutzung; konzeptioneller Rahmen; produktive Unruhe; unruhige Geisteswissenschaft; weiteres Material</subfield><subfield code="2">idssg-J</subfield></datafield><datafield ind1=" " ind2=" " tag="690"><subfield code="a">Belgien C4EUBL</subfield><subfield code="2">idssg-J</subfield></datafield><datafield ind1=" " ind2=" " tag="690"><subfield code="a">Anne NYHAN; autor xi; Baum Rasen Centre Archipel; Bethany Nowviskie; Big Tent; Chris Forster; Edward VANHOUTTE Ashgate; Educational Studies; Fred Gibbs; Geoffrey Rockwell; Humanist Now; Jerome McGann; John Unsworth; Julia Flandern; Julianne Nyhan Melissa Geschäfts Edward Vanhoutte; Lincoln Mullen; Melissa TERRAS ANNE NYHAN EDWARD VANHOUTTE Ashgate Danksagungen; Matthew Kirschenbaum; McCarty; Melissa Terras; Patrik Svensson; Paul Rosenbloom; Stephen Ramsay; Wendell Piez; Wild Acre Metaphern</subfield><subfield code="2">idssg-J</subfield></datafield><datafield ind1="1" ind2=" " tag="700"><subfield code="a">Terras, Melissa M.</subfield><subfield code="0">(IDREF)111099382</subfield></datafield><datafield ind1="1" ind2=" " tag="700"><subfield code="a">Terras, Melissa M.</subfield></datafield><datafield ind1="1" ind2=" " tag="700"><subfield code="a">Terras, Melissa</subfield><subfield code="0">(DE-588)1089636814</subfield><subfield code="6">880-02</subfield></datafield><datafield ind1="1" ind2=" " tag="880"><subfield code="a">Terras, Melissa</subfield><subfield code="d">1975-</subfield><subfield code="0">(DE-588)1045010278</subfield><subfield code="6">700-02</subfield></datafield><datafield ind1="4" ind2=" " tag="856"><subfield code="3">Titelblatt und Inhaltsverzeichnis</subfield><subfield code="u">https://toc.library.ethz.ch/objects/pdf03/z01_978-1-4094-6963-6_01.pdf</subfield><subfield code="q">pdf</subfield></datafield><datafield ind1="4" ind2=" " tag="856"><subfield code="3">Abstract / Autoreninformation</subfield><subfield code="u">https://toc.library.ethz.ch/objects/pdf03/e01_978-1-4094-6963-6_02.pdf</subfield><subfield code="q">pdf</subfield></datafield><datafield ind1=" " ind2=" " tag="900"><subfield code="a">IDSZ2zbzmon201401f</subfield><subfield code="c">IDSZ2stad</subfield><subfield code="d">IDSZ2zbzswk201401b</subfield><subfield code="e">IDSZ2kara</subfield></datafield><datafield ind1=" " ind2=" " tag="900"><subfield code="a">REROnoselfmerge</subfield></datafield><datafield ind1=" " ind2=" " tag="949"><subfield code="a">https://toc.library.ethz.ch/objects/pdf03/z01_978-1-4094-6963-6_01.pdf</subfield></datafield><datafield ind1=" " ind2=" " tag="949"><subfield code="a">https://toc.library.ethz.ch/objects/pdf03/e01_978-1-4094-6963-6_02.pdf</subfield></datafield></record>
</metadata></record>